ticker,date,stock_price,price_to_sales,FedFundsRate,1 Mo,3 Mo,6 Mo,1 Yr,2 Yr,3 Yr,5 Yr,7 Yr,10 Yr,20 Yr,30 Yr,sales,quarter_sales_growth_pct,annual_sales_growth_pct,FedFundsRateNext,10yr_next,30yr_next,year,ps_prev,ipo_year,year_from_ipo,growth_rolling_avg,index_x,CPI_GROWTH_PCT,index_y,M2MoneySupply,M2MonthlyGrowth
adbe,2011-02-28,34.5,4.55,0.16,0.13,0.15,0.18,0.25,0.69,1.18,2.13,2.82,3.42,4.25,4.49,7.582417582,5.553798719,29.32781504,0.1,3.05,4.22,2011,3.87,2010,1,6.653453955,14,2.61924,14,8943.5,0.636892505
orcl,2011-02-28,27.86,4.14,0.16,0.13,0.15,0.18,0.25,0.69,1.18,2.13,2.82,3.42,4.25,4.49,6.729468599,7.106540011,41.60464813,0.1,3.05,4.22,2011,3.64,2010,1,9.096937222749991,14,2.61924,14,8943.5,0.636892505
payx,2011-02-28,22.85,4.02,0.16,0.13,0.15,0.18,0.25,0.69,1.18,2.13,2.82,3.42,4.25,4.49,5.684079602,1.24766791,2.657569005,0.1,3.05,4.22,2011,3.42,2010,1,0.6589479544999939,14,2.61924,14,8943.5,0.636892505
adbe,2011-05-31,34.63,4.42,0.1,0.04,0.06,0.12,0.18,0.45,0.79,1.68,2.37,3.05,3.91,4.22,7.834841629,3.329070759,27.48713623,0.08,2.23,3.6,2011,4.55,2010,1,6.28048371525,17,3.50232,17,9151.0,0.831910088
orcl,2011-05-31,29.03,4.17,0.1,0.04,0.06,0.12,0.18,0.45,0.79,1.68,2.37,3.05,3.91,4.22,6.961630695,3.449932086,31.46898578,0.08,2.23,3.6,2011,4.14,2010,1,7.1030571167499925,17,3.50232,17,9151.0,0.831910088
payx,2011-05-31,22.15,3.85,0.1,0.04,0.06,0.12,0.18,0.45,0.79,1.68,2.37,3.05,3.91,4.22,5.753246753,1.216857541,3.96325423,0.08,2.23,3.6,2011,4.02,2010,1,0.976746190999994,17,3.50232,17,9151.0,0.831910088
adbe,2011-08-31,25.24,3.16,0.08,0.01,0.02,0.05,0.1,0.2,0.33,0.96,1.56,2.23,3.19,3.6,7.987341772,1.946435556,19.08924736,0.1,2.08,3.06,2011,4.42,2010,1,4.48322901875,20,3.81262,20,9528.3,0.21772056
orcl,2011-08-31,23.86,3.36,0.08,0.01,0.02,0.05,0.1,0.2,0.33,0.96,1.56,2.23,3.19,3.6,7.101190476,2.004699572,23.29793556,0.1,2.08,3.06,2011,4.17,2010,1,5.413074395249993,20,3.81262,20,9528.3,0.21772056
payx,2011-08-31,18.7,3.18,0.08,0.01,0.02,0.05,0.1,0.2,0.33,0.96,1.56,2.23,3.19,3.6,5.880503145,2.211905675,5.465545529,0.1,2.08,3.06,2011,3.85,2010,1,1.3407324954999935,20,3.81262,20,9528.3,0.21772056
adbe,2011-11-30,27.42,3.28,0.1,0.02,0.01,0.06,0.12,0.25,0.41,0.96,1.53,2.08,2.77,3.06,8.359756098,4.66255653,16.37502193,0.1,1.98,3.08,2011,3.16,2010,1,3.872965391,23,3.06207,23,9660.1,0.494143104
orcl,2011-11-30,26.7,3.74,0.1,0.02,0.01,0.06,0.12,0.25,0.41,0.96,1.53,2.08,2.77,3.06,7.139037433,0.532966368,13.62525692,0.1,1.98,3.08,2011,3.36,2010,1,3.273534509249993,23,3.06207,23,9660.1,0.494143104
payx,2011-11-30,20.4,3.42,0.1,0.02,0.01,0.06,0.12,0.25,0.41,0.96,1.53,2.08,2.77,3.06,5.964912281,1.435406699,6.25,0.1,1.98,3.08,2011,3.18,2010,1,1.527959456249994,23,3.06207,23,9660.1,0.494143104
adbe,2012-02-29,32.89,3.9,0.1,0.08,0.08,0.13,0.18,0.3,0.43,0.87,1.39,1.98,2.73,3.08,8.433333333,0.880136154,11.22222222,0.16,1.59,2.67,2012,3.28,2010,2,2.70454974975,26,2.58288,26,9830.6,0.458832787
orcl,2012-02-29,24.97,3.46,0.1,0.08,0.08,0.13,0.18,0.3,0.43,0.87,1.39,1.98,2.73,3.08,7.216763006,1.088740231,7.241201881,0.16,1.59,2.67,2012,3.74,2010,2,1.7690845642499928,26,2.58288,26,9830.6,0.458832787
payx,2012-02-29,22.16,3.65,0.1,0.08,0.08,0.13,0.18,0.3,0.43,0.87,1.39,1.98,2.73,3.08,6.071232877,1.782433521,6.811186715,0.16,1.59,2.67,2012,3.42,2010,2,1.661650858999994,26,2.58288,26,9830.6,0.458832787
adbe,2012-05-31,31.05,3.59,0.16,0.03,0.07,0.14,0.18,0.27,0.35,0.67,1.03,1.59,2.27,2.67,8.64902507,2.557609521,10.39183023,0.13,1.57,2.68,2012,3.9,2010,2,2.51168444025,29,1.65387,29,9999.3,0.714113049
orcl,2012-05-31,22.64,3.12,0.16,0.03,0.07,0.14,0.18,0.27,0.35,0.67,1.03,1.59,2.27,2.67,7.256410256,0.549377201,4.234346432,0.13,1.57,2.68,2012,3.46,2010,2,1.0439458429999928,29,1.65387,29,9999.3,0.714113049
payx,2012-05-31,21.44,3.49,0.16,0.03,0.07,0.14,0.18,0.27,0.35,0.67,1.03,1.59,2.27,2.67,6.143266476,1.18647399,6.779123843,0.13,1.57,2.68,2012,3.65,2010,2,1.6540549712499937,29,1.65387,29,9999.3,0.714113049
adbe,2012-08-31,31.27,3.56,0.13,0.09,0.09,0.14,0.16,0.22,0.3,0.59,1.01,1.57,2.29,2.68,8.783707865,1.557202048,9.970352036,0.16,1.62,2.81,2012,3.59,2010,2,2.41437606325,32,1.94972,32,10200.8,0.785472222
orcl,2012-08-31,27.12,3.72,0.13,0.09,0.09,0.14,0.16,0.22,0.3,0.59,1.01,1.57,2.29,2.68,7.290322581,0.467342984,2.66338588,0.16,1.62,2.81,2012,3.12,2010,2,0.6596066959999929,32,1.94972,32,10200.8,0.785472222
payx,2012-08-31,24.03,3.89,0.13,0.09,0.09,0.14,0.16,0.22,0.3,0.59,1.01,1.57,2.29,2.68,6.177377892,0.555265127,5.048458271,0.16,1.62,2.81,2012,3.49,2010,2,1.2398948342499938,32,1.94972,32,10200.8,0.785472222
adbe,2012-11-30,34.61,3.94,0.16,0.11,0.08,0.13,0.18,0.25,0.34,0.61,1.04,1.62,2.37,2.81,8.784263959,0.006330974,5.077993387,0.14,1.89,3.1,2012,3.56,2010,2,1.25031967425,35,1.7595,35,10459.7,1.181125213
orcl,2012-11-30,27.63,3.71,0.16,0.11,0.08,0.13,0.18,0.25,0.34,0.61,1.04,1.62,2.37,2.81,7.447439353,2.155141569,4.319937006,0.14,1.89,3.1,2012,3.72,2010,2,1.065150496249993,35,1.7595,35,10459.7,1.181125213
payx,2012-11-30,23.75,3.81,0.16,0.11,0.08,0.13,0.18,0.25,0.34,0.61,1.04,1.62,2.37,2.81,6.233595801,0.910061024,4.504400185,0.14,1.89,3.1,2012,3.89,2010,2,1.108558415499994,35,1.7595,35,10459.7,1.181125213
adbe,2013-02-28,39.31,4.53,0.14,0.07,0.11,0.13,0.17,0.25,0.36,0.77,1.26,1.89,2.71,3.1,8.677704194,-1.213075627,2.897678193,0.09,2.16,3.3,2013,3.94,2010,3,0.727016729,38,1.51875,38,10558.3,0.54278994
orcl,2013-02-28,29.57,3.93,0.14,0.07,0.11,0.13,0.17,0.25,0.36,0.77,1.26,1.89,2.71,3.1,7.524173028,1.030336351,4.259666307,0.09,2.16,3.3,2013,3.71,2010,3,1.0505495262499929,38,1.51875,38,10558.3,0.54278994
payx,2013-02-28,24.64,3.91,0.14,0.07,0.11,0.13,0.17,0.25,0.36,0.77,1.26,1.89,2.71,3.1,6.301790281,1.093983039,3.797538479,0.09,2.16,3.3,2013,3.81,2010,3,0.9364457949999938,38,1.51875,38,10558.3,0.54278994
adbe,2013-05-31,42.91,5.1,0.09,0.03,0.04,0.07,0.14,0.3,0.52,1.05,1.55,2.16,2.95,3.3,8.41372549,-3.042033908,-2.72053298,0.09,2.86,3.79,2013,4.53,2010,3,-0.6728941282500001,41,1.71579,41,10678.7,0.543263346
orcl,2013-05-31,29.17,3.81,0.09,0.03,0.04,0.07,0.14,0.3,0.52,1.05,1.55,2.16,2.95,3.3,7.656167979,1.754278517,5.509028686,0.09,2.86,3.79,2013,3.93,2010,3,1.3517748552499929,41,1.71579,41,10678.7,0.543263346
payx,2013-05-31,27.71,4.34,0.09,0.03,0.04,0.07,0.14,0.3,0.52,1.05,1.55,2.16,2.95,3.3,6.384792627,1.317123257,3.931559082,0.09,2.86,3.79,2013,3.91,2010,3,0.9691081117499938,41,1.71579,41,10678.7,0.543263346
adbe,2013-08-31,45.75,5.59,0.09,0.03,0.02,0.05,0.14,0.43,0.83,1.68,2.31,2.86,3.54,3.79,8.184257603,-2.727304184,-6.824569664,0.09,2.81,3.86,2013,5.1,2010,3,-1.7440206862499998,44,1.09473,44,10837.2,0.562329492
orcl,2013-08-31,27.62,3.55,0.09,0.03,0.02,0.05,0.14,0.43,0.83,1.68,2.31,2.86,3.54,3.79,7.78028169,1.62109441,6.720678051,0.09,2.81,3.86,2013,3.81,2010,3,1.640212711749993,44,1.09473,44,10837.2,0.562329492
payx,2013-08-31,29.05,4.49,0.09,0.03,0.02,0.05,0.14,0.43,0.83,1.68,2.31,2.86,3.54,3.79,6.469933185,1.333489795,4.735913812,0.09,2.81,3.86,2013,4.34,2010,3,1.1636642787499938,44,1.09473,44,10837.2,0.562329492
adbe,2013-11-30,56.78,6.99,0.09,0.02,0.05,0.1,0.13,0.3,0.59,1.43,2.16,2.81,3.58,3.86,8.123032904,-0.748078832,-7.527449748,0.06,2.66,3.59,2013,5.59,2010,3,-1.93262313775,47,1.51284,47,11035.0,0.595276079
orcl,2013-11-30,30.7,3.87,0.09,0.02,0.05,0.1,0.13,0.3,0.59,1.43,2.16,2.81,3.58,3.86,7.932816537,1.960531166,6.517370083,0.06,2.66,3.59,2013,3.55,2010,3,1.5915601109999928,47,1.51284,47,11035.0,0.595276079
payx,2013-11-30,33.11,5.03,0.09,0.02,0.05,0.1,0.13,0.3,0.59,1.43,2.16,2.81,3.58,3.86,6.58250497,1.739921914,5.597237627,0.06,2.66,3.59,2013,4.49,2010,3,1.3711295012499938,47,1.51284,47,11035.0,0.595276079
adbe,2014-02-28,68.63,8.45,0.06,0.04,0.05,0.08,0.12,0.33,0.69,1.51,2.13,2.66,3.31,3.59,8.121893491,-0.014026941,-6.405043208,0.09,2.54,3.38,2014,6.99,2010,4,-1.6328609662499998,50,1.61269,50,11208.1,0.262103267
orcl,2014-02-28,34.13,4.21,0.06,0.04,0.05,0.08,0.12,0.33,0.69,1.51,2.13,2.66,3.31,3.59,8.106888361,2.194325594,7.744576459,0.09,2.54,3.38,2014,3.87,2010,4,1.8825574217499927,50,1.61269,50,11208.1,0.262103267
payx,2014-02-28,31.88,4.73,0.06,0.04,0.05,0.08,0.12,0.33,0.69,1.51,2.13,2.66,3.31,3.59,6.739957717,2.391988266,6.953062793,0.09,2.54,3.38,2014,5.03,2010,4,1.6956308079999936,50,1.61269,50,11208.1,0.262103267
adbe,2014-05-31,64.54,7.79,0.09,0.04,0.04,0.06,0.1,0.39,0.83,1.6,2.12,2.54,3.1,3.38,8.284980745,2.00799547,-1.530175257,0.09,2.42,3.17,2014,8.45,2010,4,-0.37035362175,53,2.05898,53,11374.9,0.476106351
orcl,2014-05-31,36.78,4.43,0.09,0.04,0.04,0.06,0.1,0.39,0.83,1.6,2.12,2.54,3.1,3.38,8.30248307,2.412697699,8.44175693,0.09,2.42,3.17,2014,4.21,2010,4,2.047162217249993,53,2.05898,53,11374.9,0.476106351
payx,2014-05-31,31.65,4.6,0.09,0.04,0.04,0.06,0.1,0.39,0.83,1.6,2.12,2.54,3.1,3.38,6.880434783,2.08424254,7.762854408,0.09,2.42,3.17,2014,4.73,2010,4,1.8874106287499937,53,2.05898,53,11374.9,0.476106351
adbe,2014-08-31,71.9,8.89,0.09,0.02,0.03,0.05,0.1,0.53,0.99,1.69,2.11,2.42,2.91,3.17,8.087739033,-2.380714186,-1.179319798,0.13,2.22,2.95,2014,7.79,2010,4,-0.28370612225,56,1.68405,56,11499.8,0.356927803
orcl,2014-08-31,36.46,4.34,0.09,0.02,0.03,0.05,0.1,0.53,0.99,1.69,2.11,2.42,2.91,3.17,8.400921659,1.185652391,7.977088665,0.13,2.22,2.95,2014,4.43,2010,4,1.9383017124999928,56,1.68405,56,11499.8,0.356927803
payx,2014-08-31,32.36,4.6,0.09,0.02,0.03,0.05,0.1,0.53,0.99,1.69,2.11,2.42,2.91,3.17,7.034782609,2.24328594,8.730374916,0.13,2.22,2.95,2014,4.6,2010,4,2.114859664999994,56,1.68405,56,11499.8,0.356927803
adbe,2014-11-30,73.68,9.02,0.13,0.01,0.03,0.08,0.13,0.49,0.9,1.52,1.93,2.22,2.66,2.95,8.168514412,0.998738702,0.559907965,0.12,2.08,2.68,2014,8.89,2010,4,0.15299826125,59,0.65312,59,11684.9,0.690231628
orcl,2014-11-30,37.35,4.39,0.13,0.01,0.03,0.08,0.13,0.49,0.9,1.52,1.93,2.22,2.66,2.95,8.507972665,1.274276925,7.25033946,0.12,2.08,2.68,2014,4.34,2010,4,1.7667381522499928,59,0.65312,59,11684.9,0.690231628
payx,2014-11-30,37.14,5.15,0.13,0.01,0.03,0.08,0.13,0.49,0.9,1.52,1.93,2.22,2.66,2.95,7.211650485,2.514191079,9.557843376,0.12,2.08,2.68,2014,4.6,2010,4,2.3084269562499937,59,0.65312,59,11684.9,0.690231628
adbe,2015-02-28,79.1,9.79,0.12,0.02,0.02,0.08,0.22,0.66,1.06,1.57,1.89,2.08,2.46,2.68,8.079673136,-1.08760629,-0.519833895,0.12,2.19,2.94,2015,9.02,2010,5,-0.115396576,62,-0.02203,62,11886.8,0.065662093
orcl,2015-02-28,38.69,4.52,0.12,0.02,0.02,0.08,0.22,0.66,1.06,1.57,1.89,2.08,2.46,2.68,8.559734513,0.608392271,5.585942868,0.12,2.19,2.94,2015,4.39,2010,5,1.370254821499993,62,-0.02203,62,11886.8,0.065662093
payx,2015-02-28,39.36,5.35,0.12,0.02,0.02,0.08,0.22,0.66,1.06,1.57,1.89,2.08,2.46,2.68,7.357009346,2.015611553,9.155126115,0.12,2.19,2.94,2015,5.15,2010,5,2.214332777999993,62,-0.02203,62,11886.8,0.065662093
adbe,2015-05-31,79.09,9.31,0.12,0.02,0.02,0.07,0.26,0.64,0.99,1.55,1.93,2.19,2.69,2.94,8.495166488,5.142452483,2.536949084,0.08,2.21,2.95,2015,9.79,2010,5,0.6682176772499999,65,0.17957,65,12001.7,0.36628505
orcl,2015-05-31,38.54,3.93,0.12,0.02,0.02,0.07,0.26,0.64,0.99,1.55,1.93,2.19,2.69,2.94,9.806615776,14.56682168,18.11666092,0.08,2.21,2.95,2015,4.52,2010,5,4.408785816749993,65,0.17957,65,12001.7,0.36628505
payx,2015-05-31,39.33,5.24,0.12,0.02,0.02,0.07,0.26,0.64,0.99,1.55,1.93,2.19,2.69,2.94,7.505725191,2.021417101,9.087949061,0.08,2.21,2.95,2015,5.35,2010,5,2.1986264182499937,65,0.17957,65,12001.7,0.36628505
adbe,2015-08-31,78.57,8.93,0.08,0.0,0.08,0.27,0.39,0.74,1.07,1.54,1.94,2.21,2.64,2.95,8.798432251,3.569862505,8.787291669,0.08,2.21,2.98,2015,9.31,2010,5,2.15586185,68,0.00884,68,12160.8,0.486700435
orcl,2015-08-31,32.99,3.44,0.08,0.0,0.08,0.27,0.39,0.74,1.07,1.54,1.94,2.21,2.64,2.95,9.590116279,-2.207688177,14.15552565,0.08,2.21,2.98,2015,3.93,2010,5,3.5604506747499927,68,0.00884,68,12160.8,0.486700435
payx,2015-08-31,35.87,4.67,0.08,0.0,0.08,0.27,0.39,0.74,1.07,1.54,1.94,2.21,2.64,2.95,7.680942184,2.334444559,9.185210282,0.08,2.21,2.98,2015,5.24,2010,5,2.2214160729999937,68,0.00884,68,12160.8,0.486700435
adbe,2015-11-30,91.46,9.74,0.08,0.11,0.22,0.42,0.51,0.94,1.24,1.65,1.99,2.21,2.63,2.98,9.390143737,6.725192278,14.95534271,0.29,1.74,2.61,2015,8.93,2010,5,3.587475244,71,0.63872,71,12346.8,0.506324992
orcl,2015-11-30,34.8,3.63,0.08,0.11,0.22,0.42,0.51,0.94,1.24,1.65,1.99,2.21,2.63,2.98,9.58677686,-0.034821471,12.67992079,0.29,1.74,2.61,2015,3.44,2010,5,3.2331760757499928,71,0.63872,71,12346.8,0.506324992
payx,2015-11-30,43.93,5.62,0.08,0.11,0.22,0.42,0.51,0.94,1.24,1.65,1.99,2.21,2.63,2.98,7.816725979,1.767801283,8.390249839,0.29,1.74,2.61,2015,4.67,2010,5,2.034818623999994,71,0.63872,71,12346.8,0.506324992
adbe,2016-02-29,85.15,8.5,0.29,0.23,0.33,0.49,0.62,0.78,0.91,1.22,1.52,1.74,2.19,2.61,10.01764706,6.682574189,23.98579609,0.29,1.84,2.64,2016,9.74,2010,6,5.530020363749999,74,0.89162,74,12616.7,0.477832552
orcl,2016-02-29,32.98,3.88,0.29,0.23,0.33,0.49,0.62,0.78,0.91,1.22,1.52,1.74,2.19,2.61,8.5,-11.3362069,-0.697854743,0.29,1.84,2.64,2016,3.63,2010,6,0.2470262829999927,74,0.89162,74,12616.7,0.477832552
payx,2016-02-29,41.99,5.27,0.29,0.23,0.33,0.49,0.62,0.78,0.91,1.22,1.52,1.74,2.19,2.61,7.967741935,1.931959202,8.301370312,0.29,1.84,2.64,2016,5.62,2010,6,2.013905536249994,74,0.89162,74,12616.7,0.477832552
adbe,2016-05-31,99.47,9.48,0.29,0.27,0.34,0.49,0.68,0.87,1.03,1.37,1.66,1.84,2.23,2.64,10.49261603,4.741322709,23.51277693,0.3,1.58,2.23,2016,8.5,2010,6,5.42973792025,77,1.07929,77,12829.4,0.495057261
orcl,2016-05-31,36.18,4.22,0.29,0.27,0.34,0.49,0.68,0.87,1.03,1.37,1.66,1.84,2.23,2.64,8.573459716,0.864231949,-12.57473616,0.3,1.58,2.23,2016,3.88,2010,6,-3.178621149750007,77,1.07929,77,12829.4,0.495057261
payx,2016-05-31,44.67,5.48,0.29,0.27,0.34,0.49,0.68,0.87,1.03,1.37,1.66,1.84,2.23,2.64,8.151459854,2.305771447,8.603228159,0.3,1.58,2.23,2016,5.27,2010,6,2.0849941227499937,77,1.07929,77,12829.4,0.495057261
adbe,2016-08-31,102.31,9.31,0.3,0.26,0.33,0.47,0.61,0.8,0.92,1.19,1.45,1.58,1.9,2.23,10.98925886,4.733260286,24.90019299,0.31,2.37,3.02,2016,9.48,2010,6,5.7205873655,80,1.54864,80,13033.6,0.468672916
orcl,2016-08-31,37.24,4.28,0.3,0.26,0.33,0.47,0.61,0.8,0.92,1.19,1.45,1.58,1.9,2.23,8.700934579,1.486854409,-9.271855249,0.31,2.37,3.02,2016,4.22,2010,6,-2.2549855032500075,80,1.54864,80,13033.6,0.468672916
payx,2016-08-31,50.37,6.06,0.3,0.26,0.33,0.47,0.61,0.8,0.92,1.19,1.45,1.58,1.9,2.23,8.311881188,1.968007412,8.214343877,0.31,2.37,3.02,2016,5.48,2010,6,1.993384835999994,80,1.54864,80,13033.6,0.468672916
adbe,2016-11-30,102.81,8.86,0.31,0.38,0.48,0.62,0.8,1.11,1.4,1.83,2.18,2.37,2.73,3.02,11.60383747,5.592539207,23.57465228,0.57,2.36,2.97,2016,9.31,2010,6,5.43742409775,83,2.0508,83,13213.4,0.303642188
orcl,2016-11-30,36.45,4.16,0.31,0.38,0.48,0.62,0.8,1.11,1.4,1.83,2.18,2.37,2.73,3.02,8.762019231,0.702047013,-8.603075265,0.57,2.36,2.97,2016,4.28,2010,6,-2.070768382250008,83,2.0508,83,13213.4,0.303642188
payx,2016-11-30,49.35,5.85,0.31,0.38,0.48,0.62,0.8,1.11,1.4,1.83,2.18,2.37,2.73,3.02,8.435897436,1.492035858,7.921109924,0.57,2.36,2.97,2016,6.06,2010,6,1.9244434797499936,83,2.0508,83,13213.4,0.303642188
adbe,2017-02-28,118.34,9.68,0.57,0.4,0.53,0.69,0.88,1.22,1.49,1.89,2.19,2.36,2.7,2.97,12.22520661,5.35485904,22.03670722,0.83,2.21,2.87,2017,8.86,2010,7,5.1054953105,86,2.4412,86,13426.9,0.509776327
orcl,2017-02-28,38.77,4.39,0.57,0.4,0.53,0.69,0.88,1.22,1.49,1.89,2.19,2.36,2.7,2.97,8.83143508,0.792235752,3.899236232,0.83,2.21,2.87,2017,4.16,2010,7,0.9613422807499928,86,2.4412,86,13426.9,0.509776327
payx,2017-02-28,51.81,6.05,0.57,0.4,0.53,0.69,0.88,1.22,1.49,1.89,2.19,2.36,2.7,2.97,8.563636364,1.51423045,7.478836953,0.83,2.21,2.87,2017,5.85,2010,7,1.820011291749993,86,2.4412,86,13426.9,0.509776327
adbe,2017-05-31,141.86,10.92,0.83,0.86,0.98,1.08,1.17,1.28,1.44,1.75,2.02,2.21,2.6,2.87,12.99084249,6.262764333,23.80937651,1.07,2.12,2.73,2017,9.68,2010,7,5.4858557165,89,1.64057,89,13559.2,0.155856435
orcl,2017-05-31,41.5,4.62,0.83,0.86,0.98,1.08,1.17,1.28,1.44,1.75,2.02,2.21,2.6,2.87,8.982683983,1.712619768,4.773152037,1.07,2.12,2.73,2017,4.39,2010,7,1.173439235499993,89,1.64057,89,13559.2,0.155856435
payx,2017-05-31,50.35,5.79,0.83,0.86,0.98,1.08,1.17,1.28,1.44,1.75,2.02,2.21,2.6,2.87,8.696027634,1.545970247,6.680616596,1.07,2.12,2.73,2017,6.05,2010,7,1.6300609917499935,89,1.64057,89,13559.2,0.155856435
adbe,2017-08-31,155.16,11.27,1.07,0.95,1.01,1.08,1.23,1.33,1.44,1.7,1.95,2.12,2.47,2.73,13.7675244,5.978687762,25.28164615,1.07,2.42,2.83,2017,10.92,2010,7,5.7972125855,92,2.18057,92,13717.9,0.32324828
orcl,2017-08-31,46.19,5.09,1.07,0.95,1.01,1.08,1.23,1.33,1.44,1.7,1.95,2.12,2.47,2.73,9.074656189,1.023883353,4.295189278,1.07,2.42,2.83,2017,4.62,2010,7,1.0576964714999928,92,2.18057,92,13717.9,0.32324828
payx,2017-08-31,48.9,5.6,1.07,0.95,1.01,1.08,1.23,1.33,1.44,1.7,1.95,2.12,2.47,2.73,8.732142857,0.415307136,5.056155875,1.07,2.42,2.83,2017,5.79,2010,7,1.241885922749994,92,2.18057,92,13717.9,0.32324828
adbe,2017-11-30,181.47,12.44,1.07,1.14,1.27,1.44,1.62,1.78,1.9,2.14,2.31,2.42,2.65,2.83,14.58762058,5.956743956,25.71376163,1.35,2.87,3.13,2017,11.27,2010,7,5.88826377275,95,2.12993,95,13857.9,0.420292901
orcl,2017-11-30,45.2,4.94,1.07,1.14,1.27,1.44,1.62,1.78,1.9,2.14,2.31,2.42,2.65,2.83,9.149797571,0.828035583,4.425673237,1.35,2.87,3.13,2017,5.09,2010,7,1.089193613999993,95,2.12993,95,13857.9,0.420292901
payx,2017-11-30,58.17,6.59,1.07,1.14,1.27,1.44,1.62,1.78,1.9,2.14,2.31,2.42,2.65,2.83,8.827010622,1.086420213,4.636296129,1.35,2.87,3.13,2017,5.6,2010,7,1.1404820114999938,95,2.12993,95,13857.9,0.420292901
adbe,2018-02-28,209.13,13.59,1.35,1.5,1.65,1.86,2.07,2.25,2.42,2.65,2.8,2.87,3.02,3.13,15.38852097,5.490274361,25.87534477,1.7,2.83,3.0,2018,12.44,2010,8,5.922117603,98,2.33095,98,13970.2,0.41617849
orcl,2018-02-28,46.87,5.03,1.35,1.5,1.65,1.86,2.07,2.25,2.42,2.65,2.8,2.87,3.02,3.13,9.318091451,1.839318074,5.510501602,1.7,2.83,3.0,2018,4.94,2010,8,1.3509641944999928,98,2.33095,98,13970.2,0.41617849
payx,2018-02-28,56.7,6.16,1.35,1.5,1.65,1.86,2.07,2.25,2.42,2.65,2.8,2.87,3.02,3.13,9.204545455,4.277040649,7.484076433,1.7,2.83,3.0,2018,6.59,2010,8,1.831184561249994,98,2.33095,98,13970.2,0.41617849
adbe,2018-05-31,249.28,15.34,1.7,1.76,1.93,2.08,2.23,2.4,2.54,2.68,2.78,2.83,2.91,3.0,16.25032595,5.600310618,25.09062408,1.91,2.86,3.02,2018,13.59,2010,8,5.756504174250001,101,2.80755,101,14103.6,0.401503502
orcl,2018-05-31,43.39,4.66,1.7,1.76,1.93,2.08,2.23,2.4,2.54,2.68,2.78,2.83,2.91,3.0,9.311158798,-0.074399925,3.656755778,1.91,2.86,3.02,2018,5.03,2010,8,0.904209271249993,101,2.80755,101,14103.6,0.401503502
payx,2018-05-31,57.61,6.17,1.7,1.76,1.93,2.08,2.23,2.4,2.54,2.68,2.78,2.83,2.91,3.0,9.337115073,1.440262521,7.372187234,1.91,2.86,3.02,2018,6.16,2010,8,1.804757629749994,101,2.80755,101,14103.6,0.401503502
adbe,2018-08-31,263.51,15.33,1.91,1.95,2.11,2.28,2.46,2.62,2.7,2.74,2.81,2.86,2.95,3.02,17.18917156,5.777395586,24.85303137,2.2,3.01,3.3,2018,15.34,2010,8,5.70618113025,104,2.33206,104,14212.9,0.222828655
orcl,2018-08-31,45.29,4.78,1.91,1.95,2.11,2.28,2.46,2.62,2.7,2.74,2.81,2.86,2.95,3.02,9.474895397,1.758498622,4.410516504,2.2,3.01,3.3,2018,4.66,2010,8,1.087863088499993,104,2.33206,104,14212.9,0.222828655
payx,2018-08-31,64.87,6.8,1.91,1.95,2.11,2.28,2.46,2.62,2.7,2.74,2.81,2.86,2.95,3.02,9.539705882,2.169736667,9.248165524,2.2,3.01,3.3,2018,6.17,2010,8,2.2433650124999938,104,2.33206,104,14212.9,0.222828655
adbe,2018-11-30,250.89,13.84,2.2,2.31,2.37,2.52,2.7,2.8,2.83,2.84,2.92,3.01,3.19,3.3,18.12789017,5.461104458,24.2689997,2.4,2.73,3.09,2018,15.33,2010,8,5.58227125575,107,2.00238,107,14362.7,0.884327939
orcl,2018-11-30,45.46,4.66,2.2,2.31,2.37,2.52,2.7,2.8,2.83,2.84,2.92,3.01,3.19,3.3,9.755364807,2.960131987,6.618367579,2.4,2.73,3.09,2018,4.78,2010,8,1.6208871894999928,107,2.00238,107,14362.7,0.884327939
payx,2018-11-30,63.2,6.52,2.2,2.31,2.37,2.52,2.7,2.8,2.83,2.84,2.92,3.01,3.19,3.3,9.693251534,1.609542823,9.813525197,2.4,2.73,3.09,2018,6.8,2010,8,2.374145664999994,107,2.00238,107,14362.7,0.884327939
adbe,2019-02-28,262.5,13.65,2.4,2.44,2.45,2.5,2.54,2.52,2.5,2.52,2.63,2.73,2.94,3.09,19.23076923,6.083879849,24.96827516,2.4,2.14,2.58,2019,13.84,2010,9,5.73067262775,110,1.85314,110,14509.9,0.276435912
orcl,2019-02-28,48.8,4.85,2.4,2.44,2.45,2.5,2.54,2.52,2.5,2.52,2.63,2.73,2.94,3.09,10.06185567,3.141767318,7.981937317,2.4,2.14,2.58,2019,4.66,2010,9,1.946499500499993,110,1.85314,110,14509.9,0.276435912
payx,2019-02-28,69.34,6.89,2.4,2.44,2.45,2.5,2.54,2.52,2.5,2.52,2.63,2.73,2.94,3.09,10.06386067,3.82337271,9.335770216,2.4,2.14,2.58,2019,6.52,2010,9,2.260728680249994,110,1.85314,110,14509.9,0.276435912
adbe,2019-05-31,270.9,13.28,2.4,2.35,2.35,2.35,2.21,1.95,1.9,1.93,2.03,2.14,2.39,2.58,20.39909639,6.075301205,25.53038292,2.13,1.47,1.95,2019,13.65,2010,9,5.8494202745,113,1.64968,113,14757.7,0.781932911
orcl,2019-05-31,47.57,4.13,2.4,2.35,2.35,2.35,2.21,1.95,1.9,1.93,2.03,2.14,2.39,2.58,11.51815981,14.47351447,23.70275339,2.13,1.47,1.95,2019,4.85,2010,9,5.583478099249993,113,1.64968,113,14757.7,0.781932911
payx,2019-05-31,77.8,7.46,2.4,2.35,2.35,2.35,2.21,1.95,1.9,1.93,2.03,2.14,2.39,2.58,10.42895442,3.627770376,11.69354069,2.13,1.47,1.95,2019,6.89,2010,9,2.807605643999994,113,1.64968,113,14757.7,0.781932911
adbe,2019-08-31,284.51,13.19,2.13,2.06,1.98,1.88,1.72,1.47,1.38,1.35,1.42,1.47,1.77,1.95,21.57012889,5.740609671,25.48672757,1.56,1.83,2.28,2019,13.28,2010,9,5.84022379575,116,1.71662,116,15008.1,0.626902498
orcl,2019-08-31,49.15,4.2,2.13,2.06,1.98,1.88,1.72,1.47,1.38,1.35,1.42,1.47,1.77,1.95,11.70238095,1.599397379,23.50934191,1.56,1.83,2.28,2019,4.13,2010,9,5.543702788499993,116,1.71662,116,15008.1,0.626902498
payx,2019-08-31,74.64,6.92,2.13,2.06,1.98,1.88,1.72,1.47,1.38,1.35,1.42,1.47,1.77,1.95,10.78612717,3.424818343,13.06561545,1.56,1.83,2.28,2019,7.46,2010,9,3.121376062999994,116,1.71662,116,15008.1,0.626902498
adbe,2019-11-30,309.53,13.64,1.56,1.6,1.6,1.62,1.6,1.61,1.63,1.65,1.77,1.83,2.15,2.28,22.69281525,5.204819914,25.18177809,1.59,1.1,1.66,2019,13.19,2010,9,5.77615265975,119,2.31399,119,15320.7,0.515017517
orcl,2019-11-30,53.23,4.46,1.56,1.6,1.6,1.62,1.6,1.61,1.63,1.65,1.77,1.83,2.15,2.28,11.93497758,1.987600874,22.34270901,1.59,1.1,1.66,2019,4.2,2010,9,5.300570010249992,119,2.31399,119,15320.7,0.515017517
payx,2019-11-30,79.27,7.1,1.56,1.6,1.6,1.62,1.6,1.61,1.63,1.65,1.77,1.83,2.15,2.28,11.16478873,3.510635086,15.18104832,1.59,1.1,1.66,2019,6.92,2010,9,3.596649128749994,119,2.31399,119,15320.7,0.515017517
adbe,2020-02-29,345.12,14.52,1.59,1.41,1.13,0.95,0.89,0.84,0.85,0.88,1.01,1.1,1.46,1.66,23.76859504,4.740618474,23.59669421,0.05,0.66,1.46,2020,13.64,2010,10,5.440337316,122,1.54287,122,15978.7,3.419998317
orcl,2020-02-29,47.11,4.07,1.59,1.41,1.13,0.95,0.89,0.84,0.85,0.88,1.01,1.1,1.46,1.66,11.57493857,-3.016670967,15.03781166,0.05,0.66,1.46,2020,4.46,2010,10,3.7609604389999927,122,1.54287,122,15978.7,3.419998317
payx,2020-02-29,71.83,6.32,1.59,1.41,1.13,0.95,0.89,0.84,0.85,0.88,1.01,1.1,1.46,1.66,11.36550633,1.797773353,12.93386012,0.05,0.66,1.46,2020,7.1,2010,10,3.0902492894999942,122,1.54287,122,15978.7,3.419998317
adbe,2020-05-31,386.6,15.69,0.05,0.12,0.14,0.18,0.17,0.14,0.2,0.31,0.5,0.66,1.22,1.46,24.63989802,3.665774024,20.78916418,0.09,0.72,1.49,2020,14.52,2010,10,4.83795552075,125,0.71602,125,18131.7,1.571891928
orcl,2020-05-31,51.45,4.38,0.05,0.12,0.14,0.18,0.17,0.14,0.2,0.31,0.5,0.66,1.22,1.46,11.74657534,1.482830915,1.983090528,0.09,0.72,1.49,2020,4.07,2010,10,0.5132895502499933,125,0.71602,125,18131.7,1.571891928
payx,2020-05-31,67.67,6.05,0.05,0.12,0.14,0.18,0.17,0.14,0.2,0.31,0.5,0.66,1.22,1.46,11.18512397,-1.587103618,7.250674542,0.09,0.72,1.49,2020,6.32,2010,10,1.7865307909999943,125,0.71602,125,18131.7,1.571891928
adbe,2020-08-31,513.39,20.12,0.09,0.08,0.11,0.13,0.12,0.14,0.15,0.28,0.5,0.72,1.26,1.49,25.51640159,3.557253221,18.29508171,0.09,0.84,1.58,2020,15.69,2010,10,4.29211640825,128,1.37148,128,18577.3,1.260765289
orcl,2020-08-31,54.98,4.56,0.09,0.08,0.11,0.13,0.12,0.14,0.15,0.28,0.5,0.72,1.26,1.49,12.05701754,2.642831569,3.030465278,0.09,0.84,1.58,2020,4.38,2010,10,0.7741480977499934,128,1.37148,128,18577.3,1.260765289
payx,2020-08-31,72.21,6.55,0.09,0.08,0.11,0.13,0.12,0.14,0.15,0.28,0.5,0.72,1.26,1.49,11.02442748,-1.436698301,2.209322304,0.09,0.84,1.58,2020,6.05,2010,10,0.571151629999994,128,1.37148,128,18577.3,1.260765289
adbe,2020-11-30,478.47,18.06,0.09,0.08,0.08,0.09,0.11,0.16,0.19,0.36,0.62,0.84,1.37,1.58,26.49335548,3.828729093,16.7477688,0.07,1.45,2.23,2020,20.12,2010,10,3.948093703,131,1.32204,131,19114.0,0.869161394
orcl,2020-11-30,55.68,5.98,0.09,0.08,0.08,0.09,0.11,0.16,0.19,0.36,0.62,0.84,1.37,1.58,9.311036789,-22.7749586,-21.98530137,0.07,1.45,2.23,2020,4.56,2010,10,-5.416491770750007,131,1.32204,131,19114.0,0.869161394
payx,2020-11-30,88.62,8.06,0.09,0.08,0.08,0.09,0.11,0.16,0.19,0.36,0.62,0.84,1.37,1.58,10.99503722,-0.266592167,-1.520418484,0.07,1.45,2.23,2020,6.55,2010,10,-0.373155183250006,131,1.32204,131,19114.0,0.869161394
adbe,2021-02-28,459.67,16.28,0.07,0.03,0.05,0.07,0.08,0.13,0.27,0.71,1.12,1.45,2.11,2.23,28.23525799,6.574865553,18.79228846,0.06,1.62,2.3,2021,18.06,2010,11,4.40665547275,134,2.63052,134,19840.3,1.223438178
orcl,2021-02-28,62.47,5.77,0.07,0.03,0.05,0.07,0.08,0.13,0.27,0.71,1.12,1.45,2.11,2.23,10.82668977,16.27802596,-6.46438679,0.06,1.62,2.3,2021,5.98,2010,11,-0.5928175390000066,134,2.63052,134,19840.3,1.223438178
payx,2021-02-28,87.26,8.01,0.07,0.03,0.05,0.07,0.08,0.13,0.27,0.71,1.12,1.45,2.11,2.23,10.89388265,-0.920002107,-4.149605559,0.06,1.62,2.3,2021,8.06,2010,11,-1.052599048250006,134,2.63052,134,19840.3,1.223438178
adbe,2021-05-31,504.58,16.95,0.06,0.01,0.02,0.04,0.04,0.16,0.31,0.81,1.28,1.62,2.22,2.3,29.76873156,5.431059206,20.81515733,0.06,1.3,1.92,2021,16.28,2010,11,4.84797676825,137,5.28161,137,20506.9,0.364616981
orcl,2021-05-31,76.57,5.94,0.06,0.01,0.02,0.04,0.04,0.16,0.31,0.81,1.28,1.62,2.22,2.3,12.89057239,19.06291451,9.738983617,0.06,1.3,1.92,2021,5.77,2010,11,3.802203359749993,137,5.28161,137,20506.9,0.364616981
payx,2021-05-31,97.55,8.71,0.06,0.01,0.02,0.04,0.04,0.16,0.31,0.81,1.28,1.62,2.22,2.3,11.19977038,2.807885325,0.130945459,0.06,1.3,1.92,2021,8.01,2010,11,0.0461481874999939,137,5.28161,137,20506.9,0.364616981
adbe,2021-08-31,663.7,21.21,0.06,0.03,0.04,0.06,0.07,0.2,0.4,0.77,1.08,1.3,1.85,1.92,31.29184347,5.116482385,22.63423335,0.07,1.43,1.78,2021,16.95,2010,11,5.23778405925,140,5.38363,140,20964.2,0.556402951
orcl,2021-08-31,86.99,6.54,0.06,0.03,0.04,0.06,0.07,0.2,0.4,0.77,1.08,1.3,1.85,1.92,13.30122324,3.185668088,10.31934882,0.07,1.43,1.78,2021,5.94,2010,11,3.937912489499993,140,5.38363,140,20964.2,0.556402951
payx,2021-08-31,111.05,9.57,0.06,0.03,0.04,0.06,0.07,0.2,0.4,0.77,1.08,1.3,1.85,1.92,11.60397074,3.609005804,5.256901204,0.07,1.43,1.78,2021,8.71,2010,11,1.307574213749994,140,5.38363,140,20964.2,0.556402951
adbe,2021-11-30,669.85,20.43,0.07,0.11,0.05,0.1,0.24,0.52,0.81,1.14,1.36,1.43,1.85,1.78,32.7875673,4.779916001,23.75769965,0.08,1.83,2.17,2021,21.21,2010,11,5.47558078625,143,7.19446,143,21550.3,1.099174329
orcl,2021-11-30,88.86,6.36,0.07,0.11,0.05,0.1,0.24,0.52,0.81,1.14,1.36,1.43,1.85,1.78,13.97169811,5.04070084,50.05523476,0.08,1.83,2.17,2021,6.54,2010,11,10.891827349499994,143,7.19446,143,21550.3,1.099174329
payx,2021-11-30,116.25,9.73,0.07,0.11,0.05,0.1,0.24,0.52,0.81,1.14,1.36,1.43,1.85,1.78,11.94758479,2.961176437,8.663431959,0.08,1.83,2.17,2021,9.57,2010,11,2.114516364749994,143,7.19446,143,21550.3,1.099174329
adbe,2022-02-28,467.68,13.89,0.08,0.06,0.35,0.69,1.01,1.44,1.62,1.71,1.81,1.83,2.25,2.17,33.67026638,2.692176176,19.24901269,0.83,2.85,3.07,2022,20.43,2010,12,4.504908442,146,8.51522,146,21697.7,0.590626927
orcl,2022-02-28,74.68,5.05,0.08,0.06,0.35,0.69,1.01,1.44,1.62,1.71,1.81,1.83,2.25,2.17,14.78811881,5.8433892,36.58947582,0.83,2.85,3.07,2022,6.36,2010,12,8.283168159499994,146,8.51522,146,21697.7,0.590626927
payx,2022-02-28,116.78,9.42,0.08,0.06,0.35,0.69,1.01,1.44,1.62,1.71,1.81,1.83,2.25,2.17,12.3970276,3.761788005,13.7980645,0.83,2.85,3.07,2022,9.73,2010,12,3.2849638927499942,146,8.51522,146,21697.7,0.590626927
adbe,2022-05-31,416.48,11.91,0.83,0.73,1.16,1.64,2.08,2.53,2.71,2.81,2.87,2.85,3.28,3.07,34.96893367,3.857015195,17.4686721,2.33,3.15,3.27,2022,13.89,2010,12,4.11139743925,149,8.93299,149,21666.8,0.005538734
orcl,2022-05-31,70.97,4.63,0.83,0.73,1.16,1.64,2.08,2.53,2.71,2.81,2.87,2.85,3.28,3.07,15.32829374,3.652762948,18.9108852,2.33,3.15,3.27,2022,5.05,2010,12,4.430630268999994,149,8.93299,149,21666.8,0.005538734
payx,2022-05-31,122.27,9.63,0.83,0.73,1.16,1.64,2.08,2.53,2.71,2.81,2.87,2.85,3.28,3.07,12.69678089,2.417944864,13.36643934,2.33,3.15,3.27,2022,9.42,2010,12,3.1874787774999938,149,8.93299,149,21666.8,0.005538734
adbe,2022-08-31,373.44,10.3,2.33,2.4,2.96,3.32,3.5,3.45,3.46,3.3,3.25,3.15,3.53,3.27,36.25631068,3.681487753,15.86505191,3.83,3.68,3.8,2022,11.91,2010,12,3.75264878125,152,8.21485,152,21523.1,-0.625617538
orcl,2022-08-31,73.5,4.57,2.33,2.4,2.96,3.32,3.5,3.45,3.46,3.3,3.25,3.15,3.53,3.27,16.08315098,4.924600619,20.91482635,3.83,3.68,3.8,2022,4.63,2010,12,4.865363401749994,152,8.21485,152,21523.1,-0.625617538
payx,2022-08-31,122.51,9.39,2.33,2.4,2.96,3.32,3.5,3.45,3.46,3.3,3.25,3.15,3.53,3.27,13.04685836,2.757214367,12.43442999,3.83,3.68,3.8,2022,9.63,2010,12,2.974530918249994,152,8.21485,152,21523.1,-0.625617538
adbe,2022-11-30,344.93,9.22,3.83,4.07,4.37,4.7,4.74,4.38,4.13,3.82,3.76,3.68,4.0,3.8,37.41106291,3.184968921,14.10136824,4.33,3.37,3.54,2022,10.3,2010,12,3.35391201125,155,6.44494,155,21357.7,-0.183204109
orcl,2022-11-30,82.72,4.95,3.83,4.07,4.37,4.7,4.74,4.38,4.13,3.82,3.76,3.68,4.0,3.8,16.71111111,3.904459562,19.60687223,,,,2022,4.57,2010,12,4.581303082249994,155,6.44494,155,21357.7,-0.183204109
payx,2022-11-30,124.03,9.34,3.83,4.07,4.37,4.7,4.74,4.38,4.13,3.82,3.76,3.68,4.0,3.8,13.27944325,1.782688893,11.14751215,,,,2022,9.39,2010,12,2.679909032249994,155,6.44494,155,21357.7,-0.183204109
adbe,2023-01-18,341.31,9.12,4.33,4.59,4.69,4.79,4.63,4.06,3.72,3.43,3.4,3.37,3.65,3.54,37.42434211,0.035495379,11.14952785,,,,2023,9.22,2010,13,2.689741812,157,5.98644,157,21075.4,-0.643975108
appn,2023-01-18,37.35,6.02,4.33,4.59,4.69,4.79,4.63,4.06,3.72,3.43,3.4,3.37,3.65,3.54,6.204318937,-0.013669839,19.21502266,,,,2023,6.58,2018,5,4.526020548,157,5.98644,157,21075.4,-0.643975108
ayx,2023-01-18,51.16,4.78,4.33,4.59,4.69,4.79,4.63,4.06,3.72,3.43,3.4,3.37,3.65,3.54,10.70292887,0.052451116,34.09619973,,,,2023,5.22,2017,6,7.73044312525,157,5.98644,157,21075.4,-0.643975108
dbx,2023-01-18,22.97,3.74,4.33,4.59,4.69,4.79,4.63,4.06,3.72,3.43,3.4,3.37,3.65,3.54,6.14171123,-0.108268123,13.62416049,,,,2023,3.37,2018,5,3.2636690749999926,157,5.98644,157,21075.4,-0.643975108
fsly,2023-01-18,10.29,3.0,4.33,4.59,4.69,4.79,4.63,4.06,3.72,3.43,3.4,3.37,3.65,3.54,3.43,-0.020742358,11.84992948,,,,2023,2.67,2020,3,2.853261067999992,157,5.98644,157,21075.4,-0.643975108
payc,2023-01-18,311.77,14.05,4.33,4.59,4.69,4.79,4.63,4.06,3.72,3.43,3.4,3.37,3.65,3.54,22.19003559,-0.007324712,22.39018641,,,,2023,14.87,2014,9,5.226275730249994,157,5.98644,157,21075.4,-0.643975108
adsk,2011-01-31,40.68,4.87,0.17,0.15,0.15,0.17,0.26,0.58,0.98,1.95,2.71,3.42,4.33,4.58,8.353182752,3.607156228,12.71003208,0.09,3.31,4.38,2011,4.49,2010,1,3.037961189,13,2.1249,13,8886.9,0.723101858
crm,2011-01-31,32.29,10.53,0.17,0.15,0.15,0.17,0.26,0.58,0.98,1.95,2.71,3.42,4.33,4.58,3.066476733,4.928028808,19.4555757,0.09,3.31,4.38,2011,9.93,2010,1,4.545749188249993,13,2.1249,13,8886.9,0.723101858
intu,2011-01-31,42.18,3.87,0.17,0.15,0.15,0.17,0.26,0.58,0.98,1.95,2.71,3.42,4.33,4.58,10.89922481,1.358746458,12.22801942,0.09,3.31,4.38,2011,4.01,2010,1,2.9527003602499917,13,2.1249,13,8886.9,0.723101858
ntap,2011-01-31,43.13,3.38,0.17,0.15,0.15,0.17,0.26,0.58,0.98,1.95,2.71,3.42,4.33,4.58,12.76035503,2.763878961,21.15668103,0.09,3.31,4.38,2011,3.38,2010,1,4.9232664149999925,13,2.1249,13,8886.9,0.723101858
snps,2011-01-31,27.13,2.92,0.17,0.15,0.15,0.17,0.26,0.58,0.98,1.95,2.71,3.42,4.33,4.58,9.29109589,2.06403226,0.904708542,0.09,3.31,4.38,2011,2.81,2010,1,0.2391238392499946,13,2.1249,13,8886.9,0.723101858
adsk,2011-04-30,44.98,5.26,0.09,0.02,0.05,0.1,0.22,0.61,1.01,1.96,2.66,3.31,4.14,4.38,8.551330798,2.372126324,12.96109234,0.17,2.77,4.07,2011,4.87,2010,1,3.09484265925,16,3.45897,16,9075.5,0.78401759
crm,2011-04-30,34.65,10.67,0.09,0.02,0.05,0.1,0.22,0.61,1.01,1.96,2.66,3.31,4.14,4.38,3.24742268,5.900776788,21.55072743,0.17,2.77,4.07,2011,10.53,2010,1,5.002098156499993,16,3.45897,16,9075.5,0.78401759
intu,2011-04-30,49.93,4.22,0.09,0.02,0.05,0.1,0.22,0.61,1.01,1.96,2.66,3.31,4.14,4.38,11.83175355,8.555918103,13.84380149,0.17,2.77,4.07,2011,3.87,2010,1,3.337883179749991,16,3.45897,16,9075.5,0.78401759
ntap,2011-04-30,41.07,3.14,0.09,0.02,0.05,0.1,0.22,0.61,1.01,1.96,2.66,3.31,4.14,4.38,13.07961783,2.501989984,16.81649896,0.17,2.77,4.07,2011,3.38,2010,1,3.971180658499993,16,3.45897,16,9075.5,0.78401759
snps,2011-04-30,27.39,2.84,0.09,0.02,0.05,0.1,0.22,0.61,1.01,1.96,2.66,3.31,4.14,4.38,9.644366197,3.802245838,5.977369069,0.17,2.77,4.07,2011,2.92,2010,1,1.4812606267499948,16,3.45897,16,9075.5,0.78401759
adsk,2011-07-31,34.4,3.89,0.17,0.13,0.1,0.16,0.22,0.38,0.55,1.32,2.05,2.77,3.72,4.07,8.843187661,3.412999322,13.45863654,0.09,2.17,3.16,2011,5.26,2010,1,3.20821555875,19,3.755,19,9507.6,2.050104115
crm,2011-07-31,36.18,10.27,0.17,0.13,0.1,0.16,0.22,0.38,0.55,1.32,2.05,2.77,3.72,4.07,3.522882181,8.482403672,26.73262495,0.09,2.17,3.16,2011,10.67,2010,1,6.111016831499993,19,3.755,19,9507.6,2.050104115
intu,2011-07-31,41.97,3.43,0.17,0.13,0.1,0.16,0.22,0.38,0.55,1.32,2.05,2.77,3.72,4.07,12.2361516,3.4179046,16.12697071,0.09,2.17,3.16,2011,4.22,2010,1,3.846207331999991,19,3.755,19,9507.6,2.050104115
ntap,2011-07-31,37.45,2.76,0.17,0.13,0.1,0.16,0.22,0.38,0.55,1.32,2.05,2.77,3.72,4.07,13.56884058,3.74034434,14.76943742,0.11,1.83,2.94,2011,3.14,2010,1,3.508594812249993,19,3.755,19,9507.6,2.050104115
snps,2011-07-31,23.97,2.39,0.17,0.13,0.1,0.16,0.22,0.38,0.55,1.32,2.05,2.77,3.72,4.07,10.0292887,3.991164353,12.04882983,0.09,2.17,3.16,2011,2.84,2010,1,2.8899729599999944,19,3.755,19,9507.6,2.050104115
adsk,2011-10-31,34.6,3.77,0.09,0.02,0.01,0.06,0.12,0.25,0.41,0.99,1.58,2.17,2.89,3.16,9.177718833,3.782925174,13.83413691,0.11,1.83,2.94,2011,3.89,2010,1,3.293801762,22,3.45143,22,9612.6,0.528126667
crm,2011-10-31,33.29,8.73,0.09,0.02,0.01,0.06,0.12,0.25,0.41,0.99,1.58,2.17,2.89,3.16,3.813287514,8.243401802,30.48223645,0.11,1.83,2.94,2011,10.27,2010,1,6.888652767499993,22,3.45143,22,9612.6,0.528126667
intu,2011-10-31,48.39,3.88,0.09,0.02,0.01,0.06,0.12,0.25,0.41,0.99,1.58,2.17,2.89,3.16,12.47164948,1.924607415,15.98171251,0.11,1.83,2.94,2011,3.43,2010,1,3.814294143999991,22,3.45143,22,9612.6,0.528126667
snps,2011-10-31,26.81,2.64,0.09,0.02,0.01,0.06,0.12,0.25,0.41,0.99,1.58,2.17,2.89,3.16,10.15530303,1.256463256,11.55747269,0.11,1.83,2.94,2011,2.39,2010,1,2.778476426749995,22,3.45143,22,9612.6,0.528126667
adsk,2012-01-31,36.0,3.81,0.11,0.04,0.06,0.08,0.13,0.22,0.3,0.71,1.24,1.83,2.59,2.94,9.448818898,2.953893769,13.11639142,0.16,1.95,3.12,2012,3.77,2010,2,3.13048614725,25,2.89818,25,9785.7,0.538358008
crm,2012-01-31,29.2,7.04,0.11,0.04,0.06,0.08,0.13,0.22,0.3,0.71,1.24,1.83,2.59,2.94,4.147727273,8.770378765,35.26035361,0.16,1.95,3.12,2012,8.73,2010,2,7.849240256749992,25,2.89818,25,9785.7,0.538358008
intu,2012-01-31,51.03,3.93,0.11,0.04,0.06,0.08,0.13,0.22,0.3,0.71,1.24,1.83,2.59,2.94,12.98473282,4.113997435,19.1344619,0.16,1.95,3.12,2012,3.88,2010,2,4.503106888249992,25,2.89818,25,9785.7,0.538358008
ntap,2012-01-31,29.74,2.04,0.11,0.04,0.06,0.08,0.13,0.22,0.3,0.71,1.24,1.83,2.59,2.94,14.57843137,7.440508914,17.40552309,0.16,1.95,3.12,2012,2.76,2010,2,4.111680549749993,25,2.89818,25,9785.7,0.538358008
snps,2012-01-31,29.17,2.73,0.11,0.04,0.06,0.08,0.13,0.22,0.3,0.71,1.24,1.83,2.59,2.94,10.68498168,5.215783843,15.00238305,0.16,1.95,3.12,2012,2.64,2010,2,3.5664143224999947,25,2.89818,25,9785.7,0.538358008
adsk,2012-04-30,39.37,4.04,0.16,0.07,0.1,0.15,0.2,0.27,0.38,0.82,1.33,1.95,2.73,3.12,9.745049505,3.135107261,13.95944952,0.13,1.51,2.56,2012,3.81,2010,2,3.3212313815,28,1.73794,28,9928.4,0.44311353
crm,2012-04-30,38.93,8.63,0.16,0.07,0.1,0.15,0.2,0.27,0.38,0.82,1.33,1.95,2.73,3.12,4.511008111,8.758551723,38.9104085,0.13,1.51,2.56,2012,7.04,2010,2,8.563683990499992,28,1.73794,28,9928.4,0.44311353
intu,2012-04-30,52.54,3.91,0.16,0.07,0.1,0.15,0.2,0.27,0.38,0.82,1.33,1.95,2.73,3.12,13.43734015,3.485688425,13.5701491,0.13,1.51,2.56,2012,3.93,2010,2,3.2355494687499915,28,1.73794,28,9928.4,0.44311353
ntap,2012-04-30,30.6,1.93,0.16,0.07,0.1,0.15,0.2,0.27,0.38,0.82,1.33,1.95,2.73,3.12,15.85492228,8.756023708,24.25141967,0.13,1.51,2.56,2012,2.04,2010,2,5.609716736499992,28,1.73794,28,9928.4,0.44311353
snps,2012-04-30,30.01,2.73,0.16,0.07,0.1,0.15,0.2,0.27,0.38,0.82,1.33,1.95,2.73,3.12,10.99267399,2.879670895,13.98026338,0.13,1.51,2.56,2012,2.73,2010,2,3.3357705867499945,28,1.73794,28,9928.4,0.44311353
adsk,2012-07-31,33.92,3.43,0.13,0.07,0.11,0.14,0.16,0.23,0.3,0.6,0.98,1.51,2.21,2.56,9.889212828,1.479349314,11.82859855,0.18,1.72,2.85,2012,4.04,2010,2,2.8378188795000003,31,1.68593,31,10121.3,0.691418452
crm,2012-07-31,31.09,6.46,0.13,0.07,0.11,0.14,0.16,0.23,0.3,0.6,0.98,1.51,2.21,2.56,4.812693498,6.687759804,36.61238869,0.18,1.72,2.85,2012,8.63,2010,2,8.115023023499992,31,1.68593,31,10121.3,0.691418452
intu,2012-07-31,52.73,4.12,0.13,0.07,0.11,0.14,0.16,0.23,0.3,0.6,0.98,1.51,2.21,2.56,12.79854369,-4.753890702,4.596151666,0.18,1.72,2.85,2012,3.91,2010,2,1.1926006432499914,31,1.68593,31,10121.3,0.691418452
ntap,2012-07-31,25.75,1.6,0.13,0.07,0.11,0.14,0.16,0.23,0.3,0.6,0.98,1.51,2.21,2.56,16.09375,1.506331699,23.0444972,0.18,1.72,2.85,2012,1.93,2010,2,5.360802165249993,31,1.68593,31,10121.3,0.691418452
snps,2012-07-31,30.29,2.67,0.13,0.07,0.11,0.14,0.16,0.23,0.3,0.6,0.98,1.51,2.21,2.56,11.34456929,3.201180131,13.11439549,0.18,1.72,2.85,2012,2.73,2010,2,3.1382745312499947,31,1.68593,31,10121.3,0.691418452
adsk,2012-10-31,31.85,3.22,0.18,0.09,0.11,0.16,0.18,0.3,0.38,0.72,1.14,1.72,2.46,2.85,9.891304348,0.021149508,7.775194773,0.15,2.02,3.17,2012,3.43,2010,2,1.897374963,34,1.79602,34,10337.6,0.684698022
crm,2012-10-31,36.5,7.12,0.18,0.09,0.11,0.16,0.18,0.3,0.38,0.72,1.14,1.72,2.46,2.85,5.126404494,6.518407957,34.4352996,0.15,2.02,3.17,2012,6.46,2010,2,7.683774562249992,34,1.79602,34,10337.6,0.684698022
intu,2012-10-31,54.16,4.74,0.18,0.09,0.11,0.16,0.18,0.3,0.38,0.72,1.14,1.72,2.46,2.85,11.42616034,-10.72296493,-8.382925998,0.15,2.02,3.17,2012,4.12,2010,2,-1.9692924430000085,34,1.79602,34,10337.6,0.684698022
ntap,2012-10-31,21.21,1.27,0.18,0.09,0.11,0.16,0.18,0.3,0.38,0.72,1.14,1.72,2.46,2.85,16.7007874,3.771882884,23.08190448,0.15,2.02,3.17,2012,1.6,2010,2,5.368686801249993,34,1.79602,34,10337.6,0.684698022
snps,2012-10-31,32.2,2.74,0.18,0.09,0.11,0.16,0.18,0.3,0.38,0.72,1.14,1.72,2.46,2.85,11.75182482,3.589872112,15.72106497,0.15,2.02,3.17,2012,2.67,2010,2,3.721626745249994,34,1.79602,34,10337.6,0.684698022
adsk,2013-01-31,38.88,3.9,0.15,0.04,0.07,0.12,0.15,0.27,0.42,0.88,1.38,2.02,2.79,3.17,9.969230769,0.787827557,5.507692308,0.14,1.7,2.88,2013,3.22,2010,3,1.3558584100000002,37,2.01814,37,10501.3,0.175523949
crm,2013-01-31,43.03,7.92,0.15,0.04,0.07,0.12,0.15,0.27,0.42,0.88,1.38,2.02,2.79,3.17,5.433080808,5.98228864,30.98934551,0.14,1.7,2.88,2013,7.12,2010,3,6.986752030999993,37,2.01814,37,10501.3,0.175523949
intu,2013-01-31,57.0,7.14,0.15,0.04,0.07,0.12,0.15,0.27,0.42,0.88,1.38,2.02,2.79,3.17,7.983193277,-30.13231881,-38.51861732,0.14,1.7,2.88,2013,4.74,2010,3,-10.530871504250008,37,2.01814,37,10501.3,0.175523949
ntap,2013-01-31,28.37,1.67,0.15,0.04,0.07,0.12,0.15,0.27,0.42,0.88,1.38,2.02,2.79,3.17,16.98802395,1.719898252,16.52847634,0.14,1.7,2.88,2013,1.27,2010,3,3.938534135749993,37,2.01814,37,10501.3,0.175523949
snps,2013-01-31,33.44,2.8,0.15,0.04,0.07,0.12,0.15,0.27,0.42,0.88,1.38,2.02,2.79,3.17,11.94285714,1.62555457,11.77236887,0.14,1.7,2.88,2013,2.74,2010,3,2.824069426999994,37,2.01814,37,10501.3,0.175523949
adsk,2013-04-30,39.38,3.96,0.14,0.03,0.05,0.09,0.11,0.22,0.32,0.68,1.11,1.7,2.49,2.88,9.944444444,-0.248628258,2.046115203,0.09,2.6,3.64,2013,3.9,2010,3,0.50992453025,40,1.39039,40,10621.0,0.327782134
crm,2013-04-30,41.11,7.22,0.14,0.03,0.05,0.09,0.11,0.22,0.32,0.68,1.11,1.7,2.49,2.88,5.693905817,4.800683412,26.22246905,0.09,2.6,3.64,2013,7.92,2010,3,5.997284953249992,40,1.39039,40,10621.0,0.327782134
intu,2013-04-30,54.64,4.3,0.14,0.03,0.05,0.09,0.11,0.22,0.32,0.68,1.11,1.7,2.49,2.88,12.70697674,59.17160343,-5.435327237,0.09,2.6,3.64,2013,7.14,2010,3,3.3906072469999917,40,1.39039,40,10621.0,0.327782134
ntap,2013-04-30,27.5,1.54,0.14,0.03,0.05,0.09,0.11,0.22,0.32,0.68,1.11,1.7,2.49,2.88,17.85714286,5.116068281,12.62838469,0.09,2.6,3.64,2013,1.67,2010,3,3.0285452789999923,40,1.39039,40,10621.0,0.327782134
snps,2013-04-30,35.57,2.91,0.14,0.03,0.05,0.09,0.11,0.22,0.32,0.68,1.11,1.7,2.49,2.88,12.2233677,2.348772588,11.19558085,0.09,2.6,3.64,2013,2.8,2010,3,2.691344850249995,40,1.39039,40,10621.0,0.327782134
adsk,2013-07-31,35.39,3.56,0.09,0.03,0.04,0.08,0.11,0.31,0.61,1.38,2.0,2.6,3.34,3.64,9.941011236,-0.034523884,0.523786967,0.07,2.57,3.63,2013,3.96,2010,3,0.13145623075,43,1.53881,43,10776.6,0.542991491
crm,2013-07-31,43.75,7.4,0.09,0.03,0.04,0.08,0.11,0.31,0.61,1.38,2.0,2.6,3.34,3.64,5.912162162,3.833156922,22.84518356,0.07,2.57,3.63,2013,7.22,2010,3,5.283634232749993,43,1.53881,43,10776.6,0.542991491
intu,2013-07-31,58.72,4.5,0.09,0.03,0.04,0.08,0.11,0.31,0.61,1.38,2.0,2.6,3.34,3.64,13.04888889,2.690743452,1.956044419,0.07,2.57,3.63,2013,4.3,2010,3,5.251765785499991,43,1.53881,43,10776.6,0.542991491
ntap,2013-07-31,32.53,1.82,0.09,0.03,0.04,0.08,0.11,0.31,0.61,1.38,2.0,2.6,3.34,3.64,17.87362637,0.092307692,11.05942601,0.07,2.57,3.63,2013,1.54,2010,3,2.675039277249992,43,1.53881,43,10776.6,0.542991491
snps,2013-07-31,37.04,3.0,0.09,0.03,0.04,0.08,0.11,0.31,0.61,1.38,2.0,2.6,3.34,3.64,12.34666667,1.008715209,8.83327831,0.07,2.57,3.63,2013,2.91,2010,3,2.143228619749995,43,1.53881,43,10776.6,0.542991491
adsk,2013-10-31,39.9,3.99,0.07,0.03,0.04,0.08,0.1,0.31,0.57,1.31,1.95,2.57,3.33,3.63,10.0,0.593387963,1.098901099,0.07,2.67,3.61,2013,3.56,2010,3,0.2745158445,46,1.23287,46,10969.7,0.073894322
crm,2013-10-31,53.36,8.44,0.07,0.03,0.04,0.08,0.1,0.31,0.57,1.31,1.95,2.57,3.33,3.63,6.322274882,6.93676371,23.32766344,0.07,2.67,3.61,2013,7.4,2010,3,5.388223170999993,46,1.23287,46,10969.7,0.073894322
intu,2013-10-31,65.8,4.8,0.07,0.03,0.04,0.08,0.1,0.31,0.57,1.31,1.95,2.57,3.33,3.63,13.70833333,5.053644414,19.97322747,0.07,2.67,3.61,2013,4.5,2010,3,9.195918121499991,46,1.23287,46,10969.7,0.073894322
ntap,2013-10-31,30.82,1.73,0.07,0.03,0.04,0.08,0.1,0.31,0.57,1.31,1.95,2.57,3.33,3.63,17.8150289,-0.327843218,6.671790218,0.07,2.67,3.61,2013,1.82,2010,3,1.6501077517499925,46,1.23287,46,10969.7,0.073894322
snps,2013-10-31,36.42,2.9,0.07,0.03,0.04,0.08,0.1,0.31,0.57,1.31,1.95,2.57,3.33,3.63,12.55862069,1.716690251,6.865281645,0.07,2.67,3.61,2013,3.0,2010,3,1.6749331544999948,46,1.23287,46,10969.7,0.073894322
adsk,2014-01-31,51.25,5.16,0.07,0.03,0.02,0.06,0.1,0.34,0.69,1.49,2.13,2.67,3.35,3.61,9.932170543,-0.678294574,-0.3717461,0.09,2.67,3.47,2014,3.99,2010,4,-0.09201468825,49,1.12047,49,11178.8,0.884412678
crm,2014-01-31,60.53,5.89,0.07,0.03,0.02,0.06,0.1,0.34,0.69,1.49,2.13,2.67,3.35,3.61,10.27674024,62.54814019,89.15124955,0.09,2.67,3.47,2014,8.44,2010,4,19.52968605849999,49,1.12047,49,11178.8,0.884412678
intu,2014-01-31,67.66,4.87,0.07,0.03,0.02,0.06,0.1,0.34,0.69,1.49,2.13,2.67,3.35,3.61,13.89322382,1.348745186,74.03090889,0.09,2.67,3.47,2014,4.8,2010,4,17.06618412049999,49,1.12047,49,11178.8,0.884412678
ntap,2014-01-31,33.75,1.88,0.07,0.03,0.02,0.06,0.1,0.34,0.69,1.49,2.13,2.67,3.35,3.61,17.95212766,0.769567979,5.675196304,0.09,2.67,3.47,2014,1.73,2010,4,1.4125251834999926,49,1.12047,49,11178.8,0.884412678
snps,2014-01-31,39.86,3.18,0.07,0.03,0.02,0.06,0.1,0.34,0.69,1.49,2.13,2.67,3.35,3.61,12.53459119,-0.191338645,4.954710963,0.09,2.67,3.47,2014,2.9,2010,4,1.2207098507499947,49,1.12047,49,11178.8,0.884412678
splk,2014-01-31,77.03,26.6,0.07,0.03,0.02,0.06,0.1,0.34,0.69,1.49,2.13,2.67,3.35,3.61,2.895864662,5.010305224,-6.956290149,0.09,2.67,3.47,2014,22.74,2013,1,-0.8008181710000064,49,1.12047,49,11178.8,0.884412678
adsk,2014-04-30,48.02,4.8,0.09,0.02,0.03,0.05,0.11,0.42,0.87,1.69,2.25,2.67,3.22,3.47,10.00416667,0.724878049,0.600558659,0.08,2.58,3.32,2014,5.16,2010,4,0.1513618884999999,52,2.16695,52,11321.0,0.562281816
crm,2014-04-30,51.65,4.81,0.09,0.02,0.03,0.05,0.11,0.42,0.87,1.69,2.25,2.67,3.22,3.47,10.73804574,4.488830988,88.58839754,0.08,2.58,3.32,2014,5.89,2010,4,19.451722952499992,52,2.16695,52,11321.0,0.562281816
intu,2014-04-30,70.15,3.65,0.09,0.02,0.03,0.05,0.11,0.42,0.87,1.69,2.25,2.67,3.22,3.47,19.21917808,38.33490579,51.24902224,0.08,2.58,3.32,2014,4.87,2010,4,11.857009710499993,52,2.16695,52,11321.0,0.562281816
ntap,2014-04-30,28.5,1.58,0.09,0.02,0.03,0.05,0.11,0.42,0.87,1.69,2.25,2.67,3.22,3.47,18.03797468,0.478199719,1.012658228,0.08,2.58,3.32,2014,1.88,2010,4,0.2530580429999924,52,2.16695,52,11321.0,0.562281816
panw,2014-04-30,21.19,8.63,0.09,0.02,0.03,0.05,0.11,0.42,0.87,1.69,2.25,2.67,3.22,3.47,2.455388181,8.027169204,3.907996779,0.08,2.58,3.32,2014,8.72,2013,1,1.6698641234999938,52,2.16695,52,11321.0,0.562281816
snps,2014-04-30,37.62,2.97,0.09,0.02,0.03,0.05,0.11,0.42,0.87,1.69,2.25,2.67,3.22,3.47,12.66666667,1.053687908,3.626651673,0.08,2.58,3.32,2014,3.18,2010,4,0.8969386807499946,52,2.16695,52,11321.0,0.562281816
splk,2014-04-30,54.57,17.79,0.09,0.02,0.03,0.05,0.11,0.42,0.87,1.69,2.25,2.67,3.22,3.47,3.067453626,5.925310193,29.01349073,0.08,2.58,3.32,2014,26.6,2013,1,6.582344192249995,52,2.16695,52,11321.0,0.562281816
adsk,2014-07-31,53.35,5.18,0.08,0.01,0.03,0.05,0.12,0.53,1.02,1.76,2.24,2.58,3.07,3.32,10.2992278,2.949382416,3.603421772,0.07,2.35,3.07,2014,4.8,2010,4,0.8973384635,55,1.7151,55,11458.9,0.253720505
crm,2014-07-31,54.25,4.89,0.08,0.01,0.03,0.05,0.12,0.53,1.02,1.76,2.24,2.58,3.07,3.32,11.09406953,3.315536181,87.64826176,0.07,2.35,3.07,2014,4.81,2010,4,19.32231776724999,55,1.7151,55,11458.9,0.253720505
intu,2014-07-31,76.08,5.48,0.08,0.01,0.03,0.05,0.12,0.53,1.02,1.76,2.24,2.58,3.07,3.32,13.88321168,-27.76375962,6.393822471,0.07,2.35,3.07,2014,3.65,2010,4,4.243383942499993,55,1.7151,55,11458.9,0.253720505
ntap,2014-07-31,31.22,1.83,0.08,0.01,0.03,0.05,0.12,0.53,1.02,1.76,2.24,2.58,3.07,3.32,17.06010929,-5.4211485,-4.551494291,0.07,2.35,3.07,2014,1.58,2010,4,-1.1253060050000077,55,1.7151,55,11458.9,0.253720505
panw,2014-07-31,26.95,9.94,0.08,0.01,0.03,0.05,0.12,0.53,1.02,1.76,2.24,2.58,3.07,3.32,2.711267606,10.42113939,40.13480022,0.07,2.35,3.07,2014,8.63,2013,1,8.806215883499995,55,1.7151,55,11458.9,0.253720505
snps,2014-07-31,37.77,2.93,0.08,0.01,0.03,0.05,0.12,0.53,1.02,1.76,2.24,2.58,3.07,3.32,12.89078498,1.769355128,4.407005801,0.07,2.35,3.07,2014,2.97,2010,4,1.0870986604999946,55,1.7151,55,11458.9,0.253720505
splk,2014-07-31,47.02,14.34,0.08,0.01,0.03,0.05,0.12,0.53,1.02,1.76,2.24,2.58,3.07,3.32,3.278940028,6.894526473,28.37761597,0.07,2.35,3.07,2014,17.79,2013,1,6.449977793249994,55,1.7151,55,11458.9,0.253720505
wday,2014-07-31,83.84,24.32,0.08,0.01,0.03,0.05,0.12,0.53,1.02,1.76,2.24,2.58,3.07,3.32,3.447368421,12.8521317,0.255874714,0.07,2.35,3.07,2014,23.92,2013,1,0.7532613399999954,55,1.7151,55,11458.9,0.253720505
adsk,2014-10-31,57.54,5.47,0.07,0.01,0.01,0.05,0.11,0.5,0.95,1.62,2.05,2.35,2.81,3.07,10.51919561,2.135769958,5.191956124,0.12,1.68,2.25,2014,5.18,2010,4,1.28293396225,58,1.23152,58,11604.8,0.335466021
crm,2014-10-31,63.99,7.75,0.07,0.01,0.01,0.05,0.11,0.5,0.95,1.62,2.05,2.35,2.81,3.07,8.256774194,-25.57488331,30.59815254,0.12,1.68,2.25,2014,4.89,2010,4,11.19440601224999,58,1.23152,58,11604.8,0.335466021
intu,2014-10-31,81.93,5.58,0.07,0.01,0.01,0.05,0.11,0.5,0.95,1.62,2.05,2.35,2.81,3.07,14.6827957,5.759359135,7.108540053,0.12,1.68,2.25,2014,5.48,2010,4,4.419812622749993,58,1.23152,58,11604.8,0.335466021
ntap,2014-10-31,34.55,1.86,0.07,0.01,0.01,0.05,0.11,0.5,0.95,1.62,2.05,2.35,2.81,3.07,18.57526882,8.881300242,4.267407702,0.12,1.68,2.25,2014,1.83,2010,4,1.1769798599999923,58,1.23152,58,11604.8,0.335466021
panw,2014-10-31,35.23,12.06,0.07,0.01,0.01,0.05,0.11,0.5,0.95,1.62,2.05,2.35,2.81,3.07,2.921227197,7.743964162,38.8882397,0.12,1.68,2.25,2014,9.94,2013,1,8.564457884999994,58,1.23152,58,11604.8,0.335466021
snps,2014-10-31,40.98,3.13,0.07,0.01,0.01,0.05,0.11,0.5,0.95,1.62,2.05,2.35,2.81,3.07,13.09265176,1.565977359,4.252306688,0.12,1.68,2.25,2014,2.93,2010,4,1.0494204374999945,58,1.23152,58,11604.8,0.335466021
splk,2014-10-31,66.08,18.88,0.07,0.01,0.01,0.05,0.11,0.5,0.95,1.62,2.05,2.35,2.81,3.07,3.5,6.741811995,26.91755701,0.12,1.68,2.25,2014,14.34,2013,1,6.1429884712499945,58,1.23152,58,11604.8,0.335466021
wday,2014-10-31,95.48,24.6,0.07,0.01,0.01,0.05,0.11,0.5,0.95,1.62,2.05,2.35,2.81,3.07,3.881300813,12.58735183,29.34213341,0.12,1.68,2.25,2014,24.32,2013,1,7.082878679999995,58,1.23152,58,11604.8,0.335466021
adsk,2015-01-31,54.01,4.99,0.12,0.01,0.02,0.07,0.17,0.49,0.78,1.19,1.49,1.68,2.07,2.25,10.82364729,2.894248699,8.975648859,0.08,2.05,2.75,2015,5.47,2010,5,2.1760697805,61,-0.08703,61,11879.0,1.135744449
crm,2015-01-31,56.45,6.52,0.12,0.01,0.02,0.07,0.17,0.49,0.78,1.19,1.49,1.68,2.07,2.25,8.65797546,4.859055815,-15.75173392,0.08,2.05,2.75,2015,7.75,2010,5,-3.227865081500008,61,-0.08703,61,11879.0,1.135744449
intu,2015-01-31,81.05,5.57,0.12,0.01,0.02,0.07,0.17,0.49,0.78,1.19,1.49,1.68,2.07,2.25,14.55116697,-0.896482766,4.735712569,0.08,2.05,2.75,2015,5.58,2010,5,3.8585056347499935,61,-0.08703,61,11879.0,1.135744449
ntap,2015-01-31,30.64,1.61,0.12,0.01,0.02,0.07,0.17,0.49,0.78,1.19,1.49,1.68,2.07,2.25,19.0310559,2.453730753,6.010029906,0.08,2.05,2.75,2015,1.86,2010,5,1.5980205534999925,61,-0.08703,61,11879.0,1.135744449
panw,2015-01-31,42.13,13.27,0.12,0.01,0.02,0.07,0.17,0.49,0.78,1.19,1.49,1.68,2.07,2.25,3.174830445,8.681394158,39.67972491,0.08,2.05,2.75,2015,12.06,2013,2,8.718416728499994,61,-0.08703,61,11879.0,1.135744449
snps,2015-01-31,42.99,3.19,0.12,0.01,0.02,0.07,0.17,0.49,0.78,1.19,1.49,1.68,2.07,2.25,13.47648903,2.931699996,7.514388133,0.08,2.05,2.75,2015,3.13,2010,5,1.8301800977499945,61,-0.08703,61,11879.0,1.135744449
splk,2015-01-31,51.65,13.66,0.12,0.01,0.02,0.07,0.17,0.49,0.78,1.19,1.49,1.68,2.07,2.25,3.781112738,8.031792512,30.56938703,0.08,2.05,2.75,2015,18.88,2013,2,6.898360293249995,61,-0.08703,61,11879.0,1.135744449
wday,2015-01-31,79.46,18.55,0.12,0.01,0.02,0.07,0.17,0.49,0.78,1.19,1.49,1.68,2.07,2.25,4.283557951,10.36397738,57.05741294,0.08,2.05,2.75,2015,24.6,2013,2,11.951748644999997,61,-0.08703,61,11879.0,1.135744449
adsk,2015-04-30,56.83,5.14,0.08,0.0,0.01,0.06,0.24,0.58,0.91,1.43,1.79,2.05,2.49,2.75,11.05642023,2.150596121,10.5181531,0.08,2.2,2.92,2015,4.99,2010,5,2.5324992985,64,0.03503,64,11957.9,0.243107076
crm,2015-04-30,72.82,8.16,0.08,0.0,0.01,0.06,0.24,0.58,0.91,1.43,1.79,2.05,2.49,2.75,8.924019608,3.072821688,-16.8934476,0.08,2.2,2.92,2015,6.52,2010,5,-3.581867406500008,64,0.03503,64,11957.9,0.243107076
intu,2015-04-30,93.9,6.76,0.08,0.0,0.01,0.06,0.24,0.58,0.91,1.43,1.79,2.05,2.49,2.75,13.89053254,-4.540078628,-27.72566816,0.08,2.2,2.92,2015,5.57,2010,5,-6.860240469750006,64,0.03503,64,11957.9,0.243107076
ntap,2015-04-30,29.52,1.54,0.08,0.0,0.01,0.06,0.24,0.58,0.91,1.43,1.79,2.05,2.49,2.75,19.16883117,0.72394968,6.269309638,0.08,2.2,2.92,2015,1.61,2010,5,1.6594580437499924,64,0.03503,64,11957.9,0.243107076
panw,2015-04-30,49.24,14.26,0.08,0.0,0.01,0.06,0.24,0.58,0.91,1.43,1.79,2.05,2.49,2.75,3.453015428,8.762199683,40.63012337,0.08,2.2,2.92,2015,13.27,2013,2,8.902174348249995,64,0.03503,64,11957.9,0.243107076
snps,2015-04-30,46.88,3.42,0.08,0.0,0.01,0.06,0.24,0.58,0.91,1.43,1.79,2.05,2.49,2.75,13.70760234,1.714937106,8.217913204,0.08,2.2,2.92,2015,3.19,2010,5,1.9954923972499945,64,0.03503,64,11957.9,0.243107076
splk,2015-04-30,66.35,16.35,0.08,0.0,0.01,0.06,0.24,0.58,0.91,1.43,1.79,2.05,2.49,2.75,4.058103976,7.325654029,32.29552817,0.08,2.2,2.92,2015,13.66,2013,2,7.248446252249995,64,0.03503,64,11957.9,0.243107076
wday,2015-04-30,91.21,19.2,0.08,0.0,0.01,0.06,0.24,0.58,0.91,1.43,1.79,2.05,2.49,2.75,4.750520833,10.9012855,55.51178094,0.08,2.2,2.92,2015,18.55,2013,2,11.676186602499996,64,0.03503,64,11957.9,0.243107076
adsk,2015-07-31,50.58,4.6,0.08,0.04,0.08,0.14,0.33,0.67,1.0,1.54,1.93,2.2,2.61,2.92,10.99565217,-0.549617853,6.761908643,0.12,2.2,2.95,2015,5.14,2010,5,1.65774923125,67,0.2413,67,12101.9,0.419871715
crm,2015-07-31,73.3,7.91,0.08,0.04,0.08,0.14,0.33,0.67,1.0,1.54,1.93,2.2,2.61,2.92,9.266750948,3.840548939,-16.4711297,0.12,2.2,2.95,2015,8.16,2010,5,-3.450614217000007,67,0.2413,67,12101.9,0.419871715
intu,2015-07-31,99.24,6.72,0.08,0.04,0.08,0.14,0.33,0.67,1.0,1.54,1.93,2.2,2.61,2.92,14.76785714,6.315989655,6.372051975,0.12,2.2,2.95,2015,6.76,2010,5,1.6596968489999937,67,0.2413,67,12101.9,0.419871715
ntap,2015-07-31,25.51,1.35,0.08,0.04,0.08,0.14,0.33,0.67,1.0,1.54,1.93,2.2,2.61,2.92,18.8962963,-1.421760514,10.76304363,0.12,2.2,2.95,2015,1.54,2010,5,2.659305040249992,67,0.2413,67,12101.9,0.419871715
panw,2015-07-31,61.94,16.24,0.08,0.04,0.08,0.14,0.33,0.67,1.0,1.54,1.93,2.2,2.61,2.92,3.814039409,10.45532488,40.67366131,0.12,2.2,2.95,2015,14.26,2013,2,8.910720720749994,67,0.2413,67,12101.9,0.419871715
snps,2015-07-31,50.84,3.66,0.08,0.04,0.08,0.14,0.33,0.67,1.0,1.54,1.93,2.2,2.61,2.92,13.89071038,1.335813797,7.75690077,0.12,2.2,2.95,2015,3.42,2010,5,1.8871070644999943,67,0.2413,67,12101.9,0.419871715
splk,2015-07-31,69.94,15.99,0.08,0.04,0.08,0.14,0.33,0.67,1.0,1.54,1.93,2.2,2.61,2.92,4.37398374,7.783924863,33.39627144,0.12,2.2,2.95,2015,16.35,2013,2,7.470795849749995,67,0.2413,67,12101.9,0.419871715
veev,2015-07-31,26.92,10.84,0.08,0.04,0.08,0.14,0.33,0.67,1.0,1.54,1.93,2.2,2.61,2.92,2.483394834,6.44456953,6.326862848,0.12,2.2,2.95,2015,11.38,2014,1,1.9250834427499963,67,0.2413,67,12101.9,0.419871715
wday,2015-07-31,84.33,16.12,0.08,0.04,0.08,0.14,0.33,0.67,1.0,1.54,1.93,2.2,2.61,2.92,5.231389578,10.12244261,51.75023204,0.12,2.2,2.95,2015,19.2,2013,2,10.993764329999996,67,0.2413,67,12101.9,0.419871715
adsk,2015-10-31,55.19,5.02,0.12,0.01,0.08,0.27,0.37,0.77,1.08,1.57,1.93,2.2,2.6,2.95,10.9940239,-0.014808303,4.513922066,0.38,1.97,2.77,2015,4.6,2010,5,1.120104666,70,0.43632,70,12284.6,0.727293599
crm,2015-10-31,77.71,8.06,0.12,0.01,0.08,0.27,0.37,0.77,1.08,1.57,1.93,2.2,2.6,2.95,9.641439206,4.04336169,16.7700482,0.38,1.97,2.77,2015,7.91,2010,5,3.953947032999993,70,0.43632,70,12284.6,0.727293599
intu,2015-10-31,91.71,6.01,0.12,0.01,0.08,0.27,0.37,0.77,1.08,1.57,1.93,2.2,2.6,2.95,15.25956739,3.329597788,3.928214358,0.38,1.97,2.77,2015,6.72,2010,5,1.0522565122499934,70,0.43632,70,12284.6,0.727293599
ntap,2015-10-31,28.01,1.48,0.12,0.01,0.08,0.27,0.37,0.77,1.08,1.57,1.93,2.2,2.6,2.95,18.92567568,0.155476919,1.886416083,0.38,1.97,2.77,2015,1.35,2010,5,0.4778492094999926,70,0.43632,70,12284.6,0.727293599
panw,2015-10-31,53.67,12.87,0.12,0.01,0.08,0.27,0.37,0.77,1.08,1.57,1.93,2.2,2.6,2.95,4.17016317,9.337180955,42.75381162,0.38,1.97,2.77,2015,16.24,2013,2,9.309024918999992,70,0.43632,70,12284.6,0.727293599
snps,2015-10-31,49.98,3.52,0.12,0.01,0.08,0.27,0.37,0.77,1.08,1.57,1.93,2.2,2.6,2.95,14.19886364,2.218412488,8.449104885,0.38,1.97,2.77,2015,3.66,2010,5,2.0502158467499947,70,0.43632,70,12284.6,0.727293599
splk,2015-10-31,56.16,11.77,0.12,0.01,0.08,0.27,0.37,0.77,1.08,1.57,1.93,2.2,2.6,2.95,4.771452846,9.087118975,36.32722418,0.38,1.97,2.77,2015,15.99,2013,2,8.057122594749995,70,0.43632,70,12284.6,0.727293599
veev,2015-10-31,25.37,9.61,0.12,0.01,0.08,0.27,0.37,0.77,1.08,1.57,1.93,2.2,2.6,2.95,2.639958377,6.30441606,5.66925403,0.38,1.97,2.77,2015,10.84,2014,1,1.7596930412499967,70,0.43632,70,12284.6,0.727293599
wday,2015-10-31,78.97,13.94,0.12,0.01,0.08,0.27,0.37,0.77,1.08,1.57,1.93,2.2,2.6,2.95,5.664992826,8.288490883,45.95603637,0.38,1.97,2.77,2015,16.12,2013,2,9.919049093249996,70,0.43632,70,12284.6,0.727293599
adsk,2016-01-31,46.82,4.25,0.38,0.19,0.35,0.47,0.47,0.81,1.01,1.38,1.72,1.97,2.38,2.77,11.01647059,0.204171685,1.781500158,0.37,1.88,2.71,2016,5.02,2010,6,0.4475854125,73,0.84728,73,12556.7,0.696076151
crm,2016-01-31,68.06,6.76,0.38,0.19,0.35,0.47,0.47,0.81,1.01,1.38,1.72,1.97,2.38,2.77,10.06804734,4.424734961,16.28639263,0.37,1.88,2.71,2016,8.06,2010,6,3.845366819499993,73,0.84728,73,12556.7,0.696076151
intu,2016-01-31,90.19,5.6,0.38,0.19,0.35,0.47,0.47,0.81,1.01,1.38,1.72,1.97,2.38,2.77,16.10535714,5.542685016,10.68086278,0.37,1.88,2.71,2016,6.01,2010,6,2.662048457749993,73,0.84728,73,12556.7,0.696076151
ntap,2016-01-31,18.2,0.97,0.38,0.19,0.35,0.47,0.47,0.81,1.01,1.38,1.72,1.97,2.38,2.77,18.7628866,-0.860149358,-1.409114156,0.37,1.88,2.71,2016,1.48,2010,6,-0.3506208182500073,73,0.84728,73,12556.7,0.696076151
panw,2016-01-31,49.83,10.93,0.38,0.19,0.35,0.47,0.47,0.81,1.01,1.38,1.72,1.97,2.38,2.77,4.559011894,9.324544576,43.59859443,0.37,1.88,2.71,2016,12.87,2013,3,9.469812523499993,73,0.84728,73,12556.7,0.696076151
snps,2016-01-31,42.9,2.98,0.38,0.19,0.35,0.47,0.47,0.81,1.01,1.38,1.72,1.97,2.38,2.77,14.39597315,1.388206289,6.82287593,0.37,1.88,2.71,2016,3.52,2010,6,1.6643424199999943,73,0.84728,73,12556.7,0.696076151
splk,2016-01-31,46.29,8.78,0.38,0.19,0.35,0.47,0.47,0.81,1.01,1.38,1.72,1.97,2.38,2.77,5.272209567,10.49484795,39.43539727,0.37,1.88,2.71,2016,11.77,2013,3,8.672886454249994,73,0.84728,73,12556.7,0.696076151
veev,2016-01-31,24.1,8.53,0.38,0.19,0.35,0.47,0.47,0.81,1.01,1.38,1.72,1.97,2.38,2.77,2.825322392,7.021474903,29.67404579,0.37,1.88,2.71,2016,9.61,2014,2,6.712550421999996,73,0.84728,73,12556.7,0.696076151
wday,2016-01-31,63.01,10.32,0.38,0.19,0.35,0.47,0.47,0.81,1.01,1.38,1.72,1.97,2.38,2.77,6.105620155,7.778073903,42.5361866,0.37,1.88,2.71,2016,13.94,2013,3,9.272573223999997,73,0.84728,73,12556.7,0.696076151
adsk,2016-04-30,59.82,5.7,0.37,0.11,0.22,0.41,0.55,0.8,0.96,1.32,1.64,1.88,2.31,2.71,10.49473684,-4.735942804,-5.080155959,0.4,1.51,2.24,2016,4.25,2010,6,-1.27404931875,76,1.07848,76,12766.2,0.518093918
crm,2016-04-30,75.8,7.16,0.37,0.11,0.22,0.41,0.55,0.8,0.96,1.32,1.64,1.88,2.31,2.71,10.58659218,5.150401305,18.6303106,0.4,1.51,2.24,2016,6.76,2010,6,4.364761723749993,76,1.07848,76,12766.2,0.518093918
intu,2016-04-30,95.55,5.5,0.37,0.11,0.22,0.41,0.55,0.8,0.96,1.32,1.64,1.88,2.31,2.71,17.37272727,7.869245734,25.06883532,0.4,1.51,2.24,2016,5.6,2010,6,5.764379548249993,76,1.07848,76,12766.2,0.518093918
ntap,2016-04-30,19.75,1.06,0.37,0.11,0.22,0.41,0.55,0.8,0.96,1.32,1.64,1.88,2.31,2.71,18.63207547,-0.697180178,-2.800148285,0.4,1.51,2.24,2016,0.97,2010,6,-0.7059032827500074,76,1.07848,76,12766.2,0.518093918
panw,2016-04-30,50.29,10.21,0.37,0.11,0.22,0.41,0.55,0.8,0.96,1.32,1.64,1.88,2.31,2.71,4.925563173,8.040147471,42.64526981,0.4,1.51,2.24,2016,10.93,2013,3,9.289299470499994,76,1.07848,76,12766.2,0.518093918
snps,2016-04-30,47.52,3.21,0.37,0.11,0.22,0.41,0.55,0.8,0.96,1.32,1.64,1.88,2.31,2.71,14.80373832,2.832494608,7.996555134,0.4,1.51,2.24,2016,2.98,2010,6,1.9437317954999944,76,1.07848,76,12766.2,0.518093918
splk,2016-04-30,51.98,9.15,0.37,0.11,0.22,0.41,0.55,0.8,0.96,1.32,1.64,1.88,2.31,2.71,5.680874317,7.751299423,39.98838746,0.4,1.51,2.24,2016,8.78,2013,3,8.779297802749994,76,1.07848,76,12766.2,0.518093918
veev,2016-04-30,27.51,9.1,0.37,0.11,0.22,0.41,0.55,0.8,0.96,1.32,1.64,1.88,2.31,2.71,3.023076923,6.999361634,29.57670578,0.4,1.51,2.24,2016,8.53,2014,2,6.692455531749997,76,1.07848,76,12766.2,0.518093918
wday,2016-04-30,74.98,11.46,0.37,0.11,0.22,0.41,0.55,0.8,0.96,1.32,1.64,1.88,2.31,2.71,6.542757417,7.159588231,37.72715975,0.4,1.51,2.24,2016,10.32,2013,3,8.337148906749995,76,1.07848,76,12766.2,0.518093918
adsk,2016-07-31,59.45,5.78,0.4,0.2,0.29,0.4,0.5,0.67,0.78,1.06,1.33,1.51,1.84,2.24,10.28546713,-1.994044417,-6.458780568,0.31,1.84,2.58,2016,5.7,2010,6,-1.63515595975,79,1.05532,79,12972.8,0.660319529
crm,2016-07-31,81.8,7.42,0.4,0.2,0.29,0.4,0.5,0.67,0.78,1.06,1.33,1.51,1.84,2.24,11.02425876,4.134159264,18.96573914,0.31,1.84,2.58,2016,7.16,2010,6,4.438164304999993,79,1.05532,79,12972.8,0.660319529
intu,2016-07-31,105.39,5.92,0.4,0.2,0.29,0.4,0.5,0.67,0.78,1.06,1.33,1.51,1.84,2.24,17.80236486,2.47305783,20.54805713,0.31,1.84,2.58,2016,5.5,2010,6,4.8036465919999936,79,1.05532,79,12972.8,0.660319529
ntap,2016-07-31,22.18,1.18,0.4,0.2,0.29,0.4,0.5,0.67,0.78,1.06,1.33,1.51,1.84,2.24,18.79661017,0.883072302,-0.527543203,0.31,1.84,2.58,2016,1.06,2010,6,-0.1296950787500073,79,1.05532,79,12972.8,0.660319529
panw,2016-07-31,43.63,8.23,0.4,0.2,0.29,0.4,0.5,0.67,0.78,1.06,1.33,1.51,1.84,2.24,5.301336574,7.629044374,38.99532766,0.31,1.84,2.58,2016,10.21,2013,3,8.582729343999993,79,1.05532,79,12972.8,0.660319529
snps,2016-07-31,54.16,3.54,0.4,0.2,0.29,0.4,0.5,0.67,0.78,1.06,1.33,1.51,1.84,2.24,15.29943503,3.348456315,10.14148742,0.31,1.84,2.58,2016,3.21,2010,6,2.4468924249999944,79,1.05532,79,12972.8,0.660319529
splk,2016-07-31,62.54,10.24,0.4,0.2,0.29,0.4,0.5,0.67,0.78,1.06,1.33,1.51,1.84,2.24,6.107421875,7.508484333,39.63064882,0.31,1.84,2.58,2016,9.15,2013,3,8.710437670249993,79,1.05532,79,12972.8,0.660319529
veev,2016-07-31,37.99,11.73,0.4,0.2,0.29,0.4,0.5,0.67,0.78,1.06,1.33,1.51,1.84,2.24,3.238704177,7.132708156,30.41438812,0.31,1.84,2.58,2016,9.1,2014,2,6.864490188249997,79,1.05532,79,12972.8,0.660319529
wday,2016-07-31,83.34,11.97,0.4,0.2,0.29,0.4,0.5,0.67,0.78,1.06,1.33,1.51,1.84,2.24,6.962406015,6.413940961,33.08903707,0.31,1.84,2.58,2016,11.46,2013,3,7.410023494499995,79,1.05532,79,12972.8,0.660319529
adsk,2016-10-31,72.28,7.36,0.31,0.2,0.34,0.51,0.66,0.86,1.0,1.31,1.62,1.84,2.25,2.58,9.820652174,-4.519142868,-10.67281407,0.56,2.45,3.05,2016,5.78,2010,6,-2.761239601,82,1.68433,82,13173.4,0.55646731
box,2016-10-31,14.42,4.84,0.31,0.2,0.34,0.51,0.66,0.86,1.0,1.31,1.62,1.84,2.25,2.58,2.979338843,5.619480013,-39.60154429,0.56,2.45,3.05,2016,4.13,2015,1,-7.857445866000007,82,1.68433,82,13173.4,0.55646731
crm,2016-10-31,75.16,6.5,0.31,0.2,0.34,0.51,0.66,0.86,1.0,1.31,1.62,1.84,2.25,2.58,11.56307692,4.887568178,19.93102561,0.56,2.45,3.05,2016,7.42,2010,6,4.649215926999993,82,1.68433,82,13173.4,0.55646731
intu,2016-10-31,103.57,5.69,0.31,0.2,0.34,0.51,0.66,0.86,1.0,1.31,1.62,1.84,2.25,2.58,18.20210896,2.245455035,19.28325686,0.56,2.45,3.05,2016,5.92,2010,6,4.532610903749993,82,1.68433,82,13173.4,0.55646731
ntap,2016-10-31,28.72,1.54,0.31,0.2,0.34,0.51,0.66,0.86,1.0,1.31,1.62,1.84,2.25,2.58,18.64935065,-0.783436581,-1.460053691,0.56,2.45,3.05,2016,1.18,2010,6,-0.3644234537500074,82,1.68433,82,13173.4,0.55646731
panw,2016-10-31,51.28,9.14,0.31,0.2,0.34,0.51,0.66,0.86,1.0,1.31,1.62,1.84,2.25,2.58,5.610503282,5.831863427,34.53917876,0.56,2.45,3.05,2016,8.23,2013,3,7.706399961999994,82,1.68433,82,13173.4,0.55646731
snps,2016-10-31,59.31,3.78,0.31,0.2,0.34,0.51,0.66,0.86,1.0,1.31,1.62,1.84,2.25,2.58,15.69047619,2.55591897,10.50515444,0.56,2.45,3.05,2016,3.54,2010,6,2.5312690454999944,82,1.68433,82,13173.4,0.55646731
splk,2016-10-31,60.19,9.17,0.31,0.2,0.34,0.51,0.66,0.86,1.0,1.31,1.62,1.84,2.25,2.58,6.563794984,7.472434654,37.56386567,0.56,2.45,3.05,2016,10.24,2013,3,8.306766589999995,82,1.68433,82,13173.4,0.55646731
veev,2016-10-31,38.85,11.19,0.31,0.2,0.34,0.51,0.66,0.86,1.0,1.31,1.62,1.84,2.25,2.58,3.471849866,7.198733687,31.51153808,0.56,2.45,3.05,2016,11.73,2014,2,7.088069594999997,82,1.68433,82,13173.4,0.55646731
wday,2016-10-31,86.68,11.69,0.31,0.2,0.34,0.51,0.66,0.86,1.0,1.31,1.62,1.84,2.25,2.58,7.414884517,6.498881287,30.88956586,0.56,2.45,3.05,2016,11.97,2013,3,6.962621095499996,82,1.68433,82,13173.4,0.55646731
adsk,2017-01-31,81.34,8.94,0.56,0.5,0.52,0.64,0.84,1.19,1.46,1.9,2.24,2.45,2.78,3.05,9.098434004,-7.354075439,-17.41062683,0.91,2.33,3.0,2017,7.36,2010,7,-4.650801382,85,2.81036,85,13358.8,0.567625758
box,2017-01-31,17.07,5.44,0.56,0.5,0.52,0.64,0.84,1.19,1.46,1.9,2.24,2.45,2.78,3.05,3.137867647,5.320939055,25.10643314,0.91,2.33,3.0,2017,4.84,2015,2,5.761168252749993,85,2.81036,85,13358.8,0.567625758
crm,2017-01-31,79.1,6.5,0.56,0.5,0.52,0.64,0.84,1.19,1.46,1.9,2.24,2.45,2.78,3.05,12.16923077,5.24215008,20.86982075,0.91,2.33,3.0,2017,6.5,2010,7,4.853569706749993,85,2.81036,85,13358.8,0.567625758
intu,2017-01-31,113.27,6.08,0.56,0.5,0.52,0.64,0.84,1.19,1.46,1.9,2.24,2.45,2.78,3.05,18.62993421,2.350415813,15.67538705,0.91,2.33,3.0,2017,5.69,2010,7,3.7345436029999934,85,2.81036,85,13358.8,0.567625758
ntap,2017-01-31,32.6,1.72,0.56,0.5,0.52,0.64,0.84,1.19,1.46,1.9,2.24,2.45,2.78,3.05,18.95348837,1.630822051,1.01584462,0.91,2.33,3.0,2017,1.54,2010,7,0.2583193984999926,85,2.81036,85,13358.8,0.567625758
panw,2017-01-31,49.19,8.37,0.56,0.5,0.52,0.64,0.84,1.19,1.46,1.9,2.24,2.45,2.78,3.05,5.876941458,4.748917555,28.90822824,0.91,2.33,3.0,2017,9.14,2013,4,6.562493206749993,85,2.81036,85,13358.8,0.567625758
snps,2017-01-31,62.89,3.87,0.56,0.5,0.52,0.64,0.84,1.19,1.46,1.9,2.24,2.45,2.78,3.05,16.25064599,3.570126219,12.88327521,0.91,2.33,3.0,2017,3.78,2010,7,3.0767490279999947,85,2.81036,85,13358.8,0.567625758
splk,2017-01-31,57.86,8.18,0.56,0.5,0.52,0.64,0.84,1.19,1.46,1.9,2.24,2.45,2.78,3.05,7.073349633,7.763110379,34.16290728,0.91,2.33,3.0,2017,9.17,2013,4,7.623832197249994,85,2.81036,85,13358.8,0.567625758
veev,2017-01-31,42.33,11.3,0.56,0.5,0.52,0.64,0.84,1.19,1.46,1.9,2.24,2.45,2.78,3.05,3.746017699,7.896880446,32.58726545,0.91,2.33,3.0,2017,11.19,2014,3,7.306920980749997,85,2.81036,85,13358.8,0.567625758
vmw,2017-01-31,60.86,4.43,0.56,0.5,0.52,0.64,0.84,1.19,1.46,1.9,2.24,2.45,2.78,3.05,13.73814898,-21.44609733,-16.89874137,0.91,2.33,3.0,2017,3.13,2010,7,-3.940794787000004,85,2.81036,85,13358.8,0.567625758
wday,2017-01-31,83.09,10.42,0.56,0.5,0.52,0.64,0.84,1.19,1.46,1.9,2.24,2.45,2.78,3.05,7.974088292,7.54163836,30.60243004,0.91,2.33,3.0,2017,11.69,2013,4,6.903512209749996,85,2.81036,85,13358.8,0.567625758
adsk,2017-04-30,90.07,9.98,0.91,0.67,0.83,0.98,1.09,1.28,1.48,1.84,2.13,2.33,2.71,3.0,9.0250501,-0.806555329,-14.00403616,1.07,2.3,2.89,2017,8.94,2010,7,-3.66845451325,88,1.85634,88,13538.1,0.394515347
box,2017-04-30,17.24,5.21,0.91,0.67,0.83,0.98,1.09,1.28,1.48,1.84,2.13,2.33,2.71,3.0,3.309021113,5.454451412,23.6084453,1.07,2.3,2.89,2017,5.44,2015,2,5.441672513999993,88,1.85634,88,13538.1,0.394515347
crm,2017-04-30,86.12,6.78,0.91,0.67,0.83,0.98,1.09,1.28,1.48,1.84,2.13,2.33,2.71,3.0,12.7020649,4.378535814,19.98256552,1.07,2.3,2.89,2017,6.5,2010,7,4.660603333999993,88,1.85634,88,13538.1,0.394515347
intu,2017-04-30,119.95,6.14,0.91,0.67,0.83,0.98,1.09,1.28,1.48,1.84,2.13,2.33,2.71,3.0,19.53583062,4.862585118,12.45114433,1.07,2.3,2.89,2017,6.08,2010,7,2.982878448999993,88,1.85634,88,13538.1,0.394515347
ntap,2017-04-30,34.06,1.75,0.91,0.67,0.83,0.98,1.09,1.28,1.48,1.84,2.13,2.33,2.71,3.0,19.46285714,2.687467134,4.458878843,1.07,2.3,2.89,2017,1.72,2010,7,1.1044812264999926,88,1.85634,88,13538.1,0.394515347
panw,2017-04-30,36.14,5.88,0.91,0.67,0.83,0.98,1.09,1.28,1.48,1.84,2.13,2.33,2.71,3.0,6.146258503,4.582605557,24.78285806,1.07,2.3,2.89,2017,8.37,2013,4,5.698107728249994,88,1.85634,88,13538.1,0.394515347
snps,2017-04-30,73.7,4.41,0.91,0.67,0.83,0.98,1.09,1.28,1.48,1.84,2.13,2.33,2.71,3.0,16.71201814,2.83910034,12.89052658,1.07,2.3,2.89,2017,3.87,2010,7,3.0784004609999944,88,1.85634,88,13538.1,0.394515347
splk,2017-04-30,64.31,8.81,0.91,0.67,0.83,0.98,1.09,1.28,1.48,1.84,2.13,2.33,2.71,3.0,7.299659478,3.199472051,28.49535249,1.07,2.3,2.89,2017,8.18,2013,4,6.485875354249994,88,1.85634,88,13538.1,0.394515347
veev,2017-04-30,53.62,13.47,0.91,0.67,0.83,0.98,1.09,1.28,1.48,1.84,2.13,2.33,2.71,3.0,3.980697847,6.264790153,31.67702802,1.07,2.3,2.89,2017,11.3,2014,3,7.123278110499996,88,1.85634,88,13538.1,0.394515347
vmw,2017-04-30,65.43,4.66,0.91,0.67,0.83,0.98,1.09,1.28,1.48,1.84,2.13,2.33,2.71,3.0,14.04077253,2.202797104,-17.0542598,1.07,2.3,2.89,2017,4.43,2010,7,-3.988700861500004,88,1.85634,88,13538.1,0.394515347
wday,2017-04-30,87.4,10.22,0.91,0.67,0.83,0.98,1.09,1.28,1.48,1.84,2.13,2.33,2.71,3.0,8.5518591,7.245603346,30.70726231,1.07,2.3,2.89,2017,10.42,2013,4,6.925015988499996,88,1.85634,88,13538.1,0.394515347
adsk,2017-07-31,110.79,12.52,1.07,1.0,1.07,1.13,1.23,1.34,1.51,1.84,2.11,2.3,2.66,2.89,8.849041534,-1.950222599,-13.96558442,1.07,2.38,2.88,2017,9.98,2010,7,-3.65749905875,91,1.92812,91,13673.7,0.403856462
box,2017-07-31,18.85,5.42,1.07,1.0,1.07,1.13,1.23,1.34,1.51,1.84,2.11,2.3,2.66,2.89,3.477859779,5.10237498,23.29236812,1.07,2.38,2.88,2017,5.21,2015,2,5.374311364999993,91,1.92812,91,13673.7,0.403856462
crm,2017-07-31,90.8,6.83,1.07,1.0,1.07,1.13,1.23,1.34,1.51,1.84,2.11,2.3,2.66,2.89,13.2942899,4.662430916,20.59123599,1.07,2.38,2.88,2017,6.78,2010,7,4.792671246999993,91,1.92812,91,13673.7,0.403856462
intu,2017-07-31,131.79,6.59,1.07,1.0,1.07,1.13,1.23,1.34,1.51,1.84,2.11,2.3,2.66,2.89,19.99848255,2.36822247,12.33610086,1.07,2.38,2.88,2017,6.14,2010,7,2.9566696089999933,91,1.92812,91,13673.7,0.403856462
ntap,2017-07-31,37.3,1.9,1.07,1.0,1.07,1.13,1.23,1.34,1.51,1.84,2.11,2.3,2.66,2.89,19.63157895,0.866891245,4.442124247,1.07,2.38,2.88,2017,1.75,2010,7,1.1004359622499926,91,1.92812,91,13673.7,0.403856462
panw,2017-07-31,43.93,6.8,1.07,1.0,1.07,1.13,1.23,1.34,1.51,1.84,2.11,2.3,2.66,2.89,6.460294118,5.10937856,21.86161033,1.07,2.38,2.88,2017,5.88,2013,4,5.068191274749994,91,1.92812,91,13673.7,0.403856462
snps,2017-07-31,76.57,4.45,1.07,1.0,1.07,1.13,1.23,1.34,1.51,1.84,2.11,2.3,2.66,2.89,17.20674157,2.960285396,12.46651619,1.07,2.38,2.88,2017,4.41,2010,7,2.981357731249995,91,1.92812,91,13673.7,0.403856462
splk,2017-07-31,60.01,7.77,1.07,1.0,1.07,1.13,1.23,1.34,1.51,1.84,2.11,2.3,2.66,2.89,7.723294723,5.803493255,26.45752793,1.07,2.38,2.88,2017,8.81,2013,4,6.059627584749994,91,1.92812,91,13673.7,0.403856462
veev,2017-07-31,63.76,15.26,1.07,1.0,1.07,1.13,1.23,1.34,1.51,1.84,2.11,2.3,2.66,2.89,4.178243775,4.962595381,29.00973803,1.07,2.38,2.88,2017,13.47,2014,3,6.580749916749996,91,1.92812,91,13673.7,0.403856462
vmw,2017-07-31,64.45,4.44,1.07,1.0,1.07,1.13,1.23,1.34,1.51,1.84,2.11,2.3,2.66,2.89,14.51576577,3.382956547,-15.45043278,1.07,2.38,2.88,2017,4.66,2010,7,-3.4984311162500035,91,1.92812,91,13673.7,0.403856462
wday,2017-07-31,102.11,11.13,1.07,1.0,1.07,1.13,1.23,1.34,1.51,1.84,2.11,2.3,2.66,2.89,9.174303684,7.278470993,31.76915658,1.07,2.38,2.88,2017,10.22,2013,4,7.141148496499996,91,1.92812,91,13673.7,0.403856462
adsk,2017-10-31,124.96,13.9,1.07,0.99,1.15,1.28,1.43,1.6,1.73,2.01,2.23,2.38,2.66,2.88,8.989928058,1.592110552,-8.458950604,1.34,2.72,2.95,2017,12.52,2010,7,-2.12968570375,94,2.17249,94,13799.9,0.216410919
box,2017-10-31,21.95,6.03,1.07,0.99,1.15,1.28,1.43,1.6,1.73,2.01,2.23,2.38,2.66,2.88,3.64013267,4.665883667,22.17921028,1.34,2.72,2.95,2017,5.42,2015,2,5.135912278499993,94,2.17249,94,13799.9,0.216410919
crm,2017-10-31,102.34,7.39,1.07,0.99,1.15,1.28,1.43,1.6,1.73,2.01,2.23,2.38,2.66,2.88,13.84844384,4.168360625,19.76434936,1.34,2.72,2.95,2017,6.83,2010,7,4.612869358749993,94,2.17249,94,13799.9,0.216410919
intu,2017-10-31,145.45,7.08,1.07,0.99,1.15,1.28,1.43,1.6,1.73,2.01,2.23,2.38,2.66,2.88,20.54378531,2.72672069,12.86486282,1.34,2.72,2.95,2017,6.59,2010,7,3.0769860227499937,94,2.17249,94,13799.9,0.216410919
ntap,2017-10-31,38.33,1.91,1.07,0.99,1.15,1.28,1.43,1.6,1.73,2.01,2.23,2.38,2.66,2.88,20.06806283,2.223376332,7.607300675,1.34,2.72,2.95,2017,1.9,2010,7,1.8521391904999929,94,2.17249,94,13799.9,0.216410919
panw,2017-10-31,49.07,7.19,1.07,0.99,1.15,1.28,1.43,1.6,1.73,2.01,2.23,2.38,2.66,2.88,6.824756606,5.641577336,21.6425027,1.34,2.72,2.95,2017,6.8,2013,4,5.020619751999994,94,2.17249,94,13799.9,0.216410919
snps,2017-10-31,86.52,4.61,1.07,0.99,1.15,1.28,1.43,1.6,1.73,2.01,2.23,2.38,2.66,2.88,18.76789588,9.072922371,19.61329695,1.34,2.72,2.95,2017,4.45,2010,7,4.610608581499995,94,2.17249,94,13799.9,0.216410919
splk,2017-10-31,67.3,8.07,1.07,0.99,1.15,1.28,1.43,1.6,1.73,2.01,2.23,2.38,2.66,2.88,8.33952912,7.978905622,27.05346741,1.34,2.72,2.95,2017,7.77,2013,4,6.186245326749994,94,2.17249,94,13799.9,0.216410919
veev,2017-10-31,60.94,13.98,1.07,0.99,1.15,1.28,1.43,1.6,1.73,2.01,2.23,2.38,2.66,2.88,4.359084406,4.328149373,25.55509525,1.34,2.72,2.95,2017,15.26,2014,3,5.863103838249996,94,2.17249,94,13799.9,0.216410919
vmw,2017-10-31,83.21,6.1,1.07,0.99,1.15,1.28,1.43,1.6,1.73,2.01,2.23,2.38,2.66,2.88,13.64098361,-6.026427908,-22.00168307,1.34,2.72,2.95,2017,4.44,2010,7,-5.471692896750003,94,2.17249,94,13799.9,0.216410919
wday,2017-10-31,110.99,11.35,1.07,0.99,1.15,1.28,1.43,1.6,1.73,2.01,2.23,2.38,2.66,2.88,9.778854626,6.589611186,31.88141506,1.34,2.72,2.95,2017,11.13,2013,4,7.163830971249996,94,2.17249,94,13799.9,0.216410919
adsk,2018-01-31,115.62,12.35,1.34,1.43,1.46,1.66,1.9,2.14,2.29,2.52,2.66,2.72,2.83,2.95,9.36194332,4.138133919,2.896205163,1.69,2.95,3.11,2018,13.9,2010,8,0.7433666357500004,97,2.26347,97,13912.3,0.307144351
box,2018-01-31,22.24,5.86,1.34,1.43,1.46,1.66,1.9,2.14,2.29,2.52,2.66,2.72,2.83,2.95,3.795221843,4.260536279,20.94907338,1.69,2.95,3.11,2018,6.03,2015,3,4.870811584499993,97,2.26347,97,13912.3,0.307144351
crm,2018-01-31,113.91,7.9,1.34,1.43,1.46,1.66,1.9,2.14,2.29,2.52,2.66,2.72,2.83,2.95,14.41898734,4.119910549,18.48725376,1.69,2.95,3.11,2018,7.39,2010,8,4.332309475999993,97,2.26347,97,13912.3,0.307144351
intu,2018-01-31,162.09,7.44,1.34,1.43,1.46,1.66,1.9,2.14,2.29,2.52,2.66,2.72,2.83,2.95,21.78629032,6.048082148,16.94239001,1.69,2.95,3.11,2018,7.08,2010,8,4.001402606499994,97,2.26347,97,13912.3,0.307144351
ntap,2018-01-31,53.25,2.56,1.34,1.43,1.46,1.66,1.9,2.14,2.29,2.52,2.66,2.72,2.83,2.95,20.80078125,3.651166678,9.746453221,1.69,2.95,3.11,2018,1.91,2010,8,2.357225347249993,97,2.26347,97,13912.3,0.307144351
panw,2018-01-31,52.62,7.24,1.34,1.43,1.46,1.66,1.9,2.14,2.29,2.52,2.66,2.72,2.83,2.95,7.267955801,6.493992684,23.66901821,1.69,2.95,3.11,2018,7.19,2013,5,5.456888534249994,97,2.26347,97,13912.3,0.307144351
snps,2018-01-31,92.61,4.75,1.34,1.43,1.46,1.66,1.9,2.14,2.29,2.52,2.66,2.72,2.83,2.95,19.49684211,3.884006132,19.97579734,1.69,2.95,3.11,2018,4.61,2010,8,4.689078559749995,97,2.26347,97,13912.3,0.307144351
splk,2018-01-31,92.37,9.84,1.34,1.43,1.46,1.66,1.9,2.14,2.29,2.52,2.66,2.72,2.83,2.95,9.387195122,12.56265176,32.71216056,1.69,2.95,3.11,2018,8.07,2013,5,7.386130671999994,97,2.26347,97,13912.3,0.307144351
veev,2018-01-31,62.86,13.95,1.34,1.43,1.46,1.66,1.9,2.14,2.29,2.52,2.66,2.72,2.83,2.95,4.50609319,3.372469307,20.2902269,1.69,2.95,3.11,2018,13.98,2014,4,4.732001053499997,97,2.26347,97,13912.3,0.307144351
vmw,2018-01-31,86.06,3.92,1.34,1.43,1.46,1.66,1.9,2.14,2.29,2.52,2.66,2.72,2.83,2.95,21.95408163,60.94207182,59.80378185,1.69,2.95,3.11,2018,6.1,2010,8,15.125349390749998,97,2.26347,97,13912.3,0.307144351
wday,2018-01-31,119.89,11.58,1.34,1.43,1.46,1.66,1.9,2.14,2.29,2.52,2.66,2.72,2.83,2.95,10.35319516,5.873290488,29.83547191,1.69,2.95,3.11,2018,11.35,2013,5,6.746744003249996,97,2.26347,97,13912.3,0.307144351
adsk,2018-04-30,125.9,12.96,1.69,1.65,1.87,2.04,2.24,2.49,2.62,2.79,2.91,2.95,3.01,3.11,9.714506173,3.765915269,7.639360059,1.91,2.96,3.08,2018,12.35,2010,8,1.8864842852500003,100,2.78192,100,14047.2,0.417476839
box,2018-04-30,22.86,5.83,1.69,1.65,1.87,2.04,2.24,2.49,2.62,2.79,2.91,2.95,3.01,3.11,3.92109777,3.316694843,18.4972122,1.91,2.96,3.08,2018,5.86,2015,3,4.336372442249993,100,2.78192,100,14047.2,0.417476839
crm,2018-04-30,120.99,8.02,1.69,1.65,1.87,2.04,2.24,2.49,2.62,2.79,2.91,2.95,3.01,3.11,15.08603491,4.626174884,18.76836589,1.91,2.96,3.08,2018,7.9,2010,8,4.394219243499993,100,2.78192,100,14047.2,0.417476839
intu,2018-04-30,178.8,7.73,1.69,1.65,1.87,2.04,2.24,2.49,2.62,2.79,2.91,2.95,3.01,3.11,23.13065977,6.170712979,18.40120965,1.91,2.96,3.08,2018,7.44,2010,8,4.328434571749994,100,2.78192,100,14047.2,0.417476839
ntap,2018-04-30,57.83,2.68,1.69,1.65,1.87,2.04,2.24,2.49,2.62,2.79,2.91,2.95,3.01,3.11,21.57835821,3.738210357,10.86942709,1.91,2.96,3.08,2018,2.56,2010,8,2.6199111529999923,100,2.78192,100,14047.2,0.417476839
panw,2018-04-30,64.17,8.29,1.69,1.65,1.87,2.04,2.24,2.49,2.62,2.79,2.91,2.95,3.01,3.11,7.740651387,6.503831325,25.94086928,1.91,2.96,3.08,2018,7.24,2013,5,5.937194976249994,100,2.78192,100,14047.2,0.417476839
snps,2018-04-30,85.51,4.26,1.69,1.65,1.87,2.04,2.24,2.49,2.62,2.79,2.91,2.95,3.01,3.11,20.07276995,2.953954516,20.10979036,1.91,2.96,3.08,2018,4.75,2010,8,4.717792103749995,100,2.78192,100,14047.2,0.417476839
splk,2018-04-30,102.65,10.36,1.69,1.65,1.87,2.04,2.24,2.49,2.62,2.79,2.91,2.95,3.01,3.11,9.908301158,5.551243258,35.73648454,1.91,2.96,3.08,2018,9.84,2013,5,7.974073473749994,100,2.78192,100,14047.2,0.417476839
veev,2018-04-30,70.13,14.89,1.69,1.65,1.87,2.04,2.24,2.49,2.62,2.79,2.91,2.95,3.01,3.11,4.709872398,4.522303446,18.3177568,1.91,2.96,3.08,2018,13.95,2014,4,4.2963793767499965,100,2.78192,100,14047.2,0.417476839
vmw,2018-04-30,92.65,4.18,1.69,1.65,1.87,2.04,2.24,2.49,2.62,2.79,2.91,2.95,3.01,3.11,22.16507177,0.961051987,57.8621954,1.91,2.96,3.08,2018,3.92,2010,8,14.814913111499996,100,2.78192,100,14047.2,0.417476839
wday,2018-04-30,124.84,11.45,1.69,1.65,1.87,2.04,2.24,2.49,2.62,2.79,2.91,2.95,3.01,3.11,10.90305677,5.31103293,27.49340981,1.91,2.96,3.08,2018,11.58,2013,5,6.263101399249996,100,2.78192,100,14047.2,0.417476839
adsk,2018-07-31,128.44,12.56,1.91,1.94,2.03,2.21,2.44,2.67,2.77,2.85,2.92,2.96,3.03,3.08,10.22611465,5.266438332,15.56183357,2.2,3.15,3.39,2018,12.96,2010,8,3.690649518,103,2.64292,103,14181.3,0.297753763
box,2018-07-31,23.96,5.92,1.91,1.94,2.03,2.21,2.44,2.67,2.77,2.85,2.92,2.96,3.03,3.08,4.047297297,3.21847438,16.37321672,2.2,3.15,3.39,2018,5.83,2015,3,3.865397292249993,103,2.64292,103,14181.3,0.297753763
coup,2018-07-31,61.31,15.38,1.91,1.94,2.03,2.21,2.44,2.67,2.77,2.85,2.92,2.96,3.03,3.08,3.986345904,6.342675932,-27.3558833,2.2,3.15,3.39,2018,12.37,2017,1,-6.804758471250008,103,2.64292,103,14181.3,0.297753763
crm,2018-07-31,137.15,8.69,1.91,1.94,2.03,2.21,2.44,2.67,2.77,2.85,2.92,2.96,3.03,3.08,15.78250863,4.616678418,18.71644708,2.2,3.15,3.39,2018,8.02,2010,8,4.382781118999993,103,2.64292,103,14181.3,0.297753763
intu,2018-07-31,197.99,8.56,1.91,1.94,2.03,2.21,2.44,2.67,2.77,2.85,2.92,2.96,3.03,3.08,23.1296729,-0.004266501,15.65713969,2.2,3.15,3.39,2018,7.73,2010,8,3.735312328999994,103,2.64292,103,14181.3,0.297753763
ntap,2018-07-31,67.67,3.03,1.91,1.94,2.03,2.21,2.44,2.67,2.77,2.85,2.92,2.96,3.03,3.08,22.33333333,3.498760735,13.76228776,2.2,3.15,3.39,2018,2.68,2010,8,3.2778785254999927,103,2.64292,103,14181.3,0.297753763
ntnx,2018-07-31,48.89,6.87,1.91,1.94,2.03,2.21,2.44,2.67,2.77,2.85,2.92,2.96,3.03,3.08,7.116448326,-1.672319037,-2.88141108,2.2,3.15,3.39,2018,6.99,2017,1,-0.512322788750007,103,2.64292,103,14181.3,0.297753763
panw,2018-07-31,66.09,7.97,1.91,1.94,2.03,2.21,2.44,2.67,2.77,2.85,2.92,2.96,3.03,3.08,8.292346299,7.127241414,28.35864974,2.2,3.15,3.39,2018,8.29,2013,5,6.441660689749994,103,2.64292,103,14181.3,0.297753763
snps,2018-07-31,89.43,4.51,1.91,1.94,2.03,2.21,2.44,2.67,2.77,2.85,2.92,2.96,3.03,3.08,19.82926829,-1.21309446,15.24127452,2.2,3.15,3.39,2018,4.26,2010,8,3.674447139749995,103,2.64292,103,14181.3,0.297753763
splk,2018-07-31,96.1,9.09,1.91,1.94,2.03,2.21,2.44,2.67,2.77,2.85,2.92,2.96,3.03,3.08,10.57205721,6.698989431,36.88532659,2.2,3.15,3.39,2018,10.36,2013,5,8.197947517749995,103,2.64292,103,14181.3,0.297753763
veev,2018-07-31,75.63,15.22,1.91,1.94,2.03,2.21,2.44,2.67,2.77,2.85,2.92,2.96,3.03,3.08,4.96911958,5.504335575,18.92842657,2.2,3.15,3.39,2018,14.89,2014,4,4.431814425249996,103,2.64292,103,14181.3,0.297753763
vmw,2018-07-31,100.52,4.42,1.91,1.94,2.03,2.21,2.44,2.67,2.77,2.85,2.92,2.96,3.03,3.08,22.74208145,2.603238481,56.67159291,2.2,3.15,3.39,2018,4.18,2010,8,14.619983595,103,2.64292,103,14181.3,0.297753763
wday,2018-07-31,124.02,10.81,1.91,1.94,2.03,2.21,2.44,2.67,2.77,2.85,2.92,2.96,3.03,3.08,11.47271045,5.224715388,25.0526563,2.2,3.15,3.39,2018,11.45,2013,5,5.749662497999996,103,2.64292,103,14181.3,0.297753763
adsk,2018-10-31,129.25,11.86,2.2,2.2,2.34,2.49,2.69,2.87,2.93,2.98,3.07,3.15,3.3,3.39,10.89797639,6.570058762,21.22428924,2.4,2.63,2.99,2018,12.56,2010,8,4.935136570500001,106,2.14733,106,14236.8,0.100544911
box,2018-10-31,18.0,4.3,2.2,2.2,2.34,2.49,2.69,2.87,2.93,2.98,3.07,3.15,3.3,3.39,4.186046512,3.428194277,14.9970864,2.4,2.63,2.99,2018,5.92,2015,3,3.555974944749993,106,2.14733,106,14236.8,0.100544911
coup,2018-10-31,64.83,15.2,2.2,2.2,2.34,2.49,2.69,2.87,2.93,2.98,3.07,3.15,3.3,3.39,4.265131579,6.993514409,-3.896459674,2.4,2.63,2.99,2018,15.38,2017,1,-0.2753263315000069,106,2.14733,106,14236.8,0.100544911
crm,2018-10-31,137.24,8.35,2.2,2.2,2.34,2.49,2.69,2.87,2.93,2.98,3.07,3.15,3.3,3.39,16.43592814,4.140149886,18.68429645,2.4,2.63,2.99,2018,8.69,2010,8,4.375728434249993,106,2.14733,106,14236.8,0.100544911
intu,2018-10-31,204.98,8.75,2.2,2.2,2.34,2.49,2.69,2.87,2.93,2.98,3.07,3.15,3.3,3.39,23.42628571,1.282390886,14.03100918,2.4,2.63,2.99,2018,8.56,2010,8,3.3742298779999933,106,2.14733,106,14236.8,0.100544911
ntap,2018-10-31,68.85,3.0,2.2,2.2,2.34,2.49,2.69,2.87,2.93,2.98,3.07,3.15,3.3,3.39,22.95,2.76119403,14.36081398,2.4,2.63,2.99,2018,3.03,2010,8,3.4123329499999926,106,2.14733,106,14236.8,0.100544911
ntnx,2018-10-31,41.51,5.81,2.2,2.2,2.34,2.49,2.69,2.87,2.93,2.98,3.07,3.15,3.3,3.39,7.144578313,0.395281268,9.048826886,2.4,2.63,2.99,2018,6.87,2017,1,2.233556350749993,106,2.14733,106,14236.8,0.100544911
panw,2018-10-31,61.01,6.95,2.2,2.2,2.34,2.49,2.69,2.87,2.93,2.98,3.07,3.15,3.3,3.39,8.778417266,5.861681966,28.62608548,2.4,2.63,2.99,2018,7.97,2013,5,6.496686847249993,106,2.14733,106,14236.8,0.100544911
snps,2018-10-31,89.53,4.36,2.2,2.2,2.34,2.49,2.69,2.87,2.93,2.98,3.07,3.15,3.3,3.39,20.53440367,3.556033267,9.412391259,2.4,2.63,2.99,2018,4.51,2010,8,2.295224863749995,106,2.14733,106,14236.8,0.100544911
splk,2018-10-31,99.84,8.74,2.2,2.2,2.34,2.49,2.69,2.87,2.93,2.98,3.07,3.15,3.3,3.39,11.42334096,8.052205345,36.97824897,2.4,2.63,2.99,2018,9.09,2013,5,8.216272448499994,106,2.14733,106,14236.8,0.100544911
veev,2018-10-31,91.35,17.36,2.2,2.2,2.34,2.49,2.69,2.87,2.93,2.98,3.07,3.15,3.3,3.39,5.262096774,5.895957825,20.7156431,2.4,2.63,2.99,2018,15.22,2014,4,4.823766538249997,106,2.14733,106,14236.8,0.100544911
vmw,2018-10-31,98.3,4.49,2.2,2.2,2.34,2.49,2.69,2.87,2.93,2.98,3.07,3.15,3.3,3.39,21.89309577,-3.73310456,60.49499362,2.4,2.63,2.99,2018,4.42,2010,8,15.193314431999998,106,2.14733,106,14236.8,0.100544911
wday,2018-10-31,133.02,10.87,2.2,2.2,2.34,2.49,2.69,2.87,2.93,2.98,3.07,3.15,3.3,3.39,12.23735051,6.664859676,25.14093904,2.4,2.63,2.99,2018,10.81,2013,5,5.768474620499996,106,2.14733,106,14236.8,0.100544911
adsk,2019-01-31,147.2,12.54,2.4,2.42,2.41,2.46,2.55,2.45,2.43,2.43,2.51,2.63,2.83,2.99,11.738437,7.712079566,25.38461942,2.45,2.51,2.93,2019,11.86,2010,9,5.82862298225,109,1.52006,109,14469.9,0.276507277
box,2019-01-31,20.92,4.84,2.4,2.42,2.41,2.46,2.55,2.45,2.43,2.43,2.51,2.63,2.83,2.99,4.32231405,3.255280073,13.88831084,2.45,2.51,2.93,2019,4.3,2015,4,3.304660893249993,109,1.52006,109,14469.9,0.276507277
coup,2019-01-31,86.96,19.12,2.4,2.42,2.41,2.46,2.55,2.45,2.43,2.43,2.51,2.63,2.83,2.99,4.548117155,6.634861566,28.00873813,2.45,2.51,2.93,2019,15.2,2017,2,6.369154349999993,109,1.52006,109,14469.9,0.276507277
crm,2019-01-31,151.97,8.84,2.4,2.42,2.41,2.46,2.55,2.45,2.43,2.43,2.51,2.63,2.83,2.99,17.19117647,4.59510604,19.22596271,2.45,2.51,2.93,2019,8.35,2010,9,4.494527306999993,109,1.52006,109,14469.9,0.276507277
intu,2019-01-31,210.15,8.77,2.4,2.42,2.41,2.46,2.55,2.45,2.43,2.43,2.51,2.63,2.83,2.99,23.96237172,2.288395241,9.988306256,2.45,2.51,2.93,2019,8.75,2010,9,2.4343081512499936,109,1.52006,109,14469.9,0.276507277
ntap,2019-01-31,56.33,2.42,2.4,2.42,2.41,2.46,2.55,2.45,2.43,2.43,2.51,2.63,2.83,2.99,23.2768595,1.424224419,11.90377527,2.45,2.51,2.93,2019,3.0,2010,9,2.8555973852499927,109,1.52006,109,14469.9,0.276507277
ntnx,2019-01-31,51.23,7.08,2.4,2.42,2.41,2.46,2.55,2.45,2.43,2.43,2.51,2.63,2.83,2.99,7.235875706,1.277855584,4.367926853,2.45,2.51,2.93,2019,5.81,2017,2,1.097978755249993,109,1.52006,109,14469.9,0.276507277
okta,2019-01-31,82.43,22.08,2.4,2.42,2.41,2.46,2.55,2.45,2.43,2.43,2.51,2.63,2.83,2.99,3.733242754,4.077895136,4.074441451,2.45,2.51,2.93,2019,16.27,2018,1,1.451918235999993,109,1.52006,109,14469.9,0.276507277
panw,2019-01-31,71.61,7.69,2.4,2.42,2.41,2.46,2.55,2.45,2.43,2.43,2.51,2.63,2.83,2.99,9.312093628,6.079414383,28.12534752,2.45,2.51,2.93,2019,6.95,2013,6,6.3930422719999935,109,1.52006,109,14469.9,0.276507277
snps,2019-01-31,93.35,5.05,2.4,2.42,2.41,2.46,2.55,2.45,2.43,2.43,2.51,2.63,2.83,2.99,18.48514851,-9.979618536,-5.189012584,2.45,2.51,2.93,2019,4.36,2010,9,-1.1706813032500052,109,1.52006,109,14469.9,0.276507277
splk,2019-01-31,124.84,10.06,2.4,2.42,2.41,2.46,2.55,2.45,2.43,2.43,2.51,2.63,2.83,2.99,12.40954274,8.633216725,32.19649301,2.45,2.51,2.93,2019,8.74,2013,6,7.233913689749994,109,1.52006,109,14469.9,0.276507277
veev,2019-01-31,109.06,19.69,2.4,2.42,2.41,2.46,2.55,2.45,2.43,2.43,2.51,2.63,2.83,2.99,5.538852209,5.259413632,22.91916691,2.45,2.51,2.93,2019,17.36,2014,5,5.295502619499997,109,1.52006,109,14469.9,0.276507277
vmw,2019-01-31,125.56,5.43,2.4,2.42,2.41,2.46,2.55,2.45,2.43,2.43,2.51,2.63,2.83,2.99,23.12338858,5.619547033,5.326148317,2.45,2.51,2.93,2019,4.49,2010,9,1.3626832352499965,109,1.52006,109,14469.9,0.276507277
wday,2019-01-31,181.53,13.89,2.4,2.42,2.41,2.46,2.55,2.45,2.43,2.43,2.51,2.63,2.83,2.99,13.06911447,6.796928506,26.23266792,2.45,2.51,2.93,2019,10.87,2013,6,5.999384124999995,109,1.52006,109,14469.9,0.276507277
yext,2019-01-31,15.59,6.67,2.4,2.42,2.41,2.46,2.55,2.45,2.43,2.43,2.51,2.63,2.83,2.99,2.337331334,1.66540039,-5.342930195,2.45,2.51,2.93,2019,8.36,2018,1,-1.067083130500003,109,1.52006,109,14469.9,0.276507277
adsk,2019-04-30,178.21,14.22,2.45,2.43,2.43,2.46,2.39,2.27,2.24,2.28,2.39,2.51,2.75,2.93,12.5323488,6.763351908,29.00654528,2.4,2.02,2.53,2019,12.54,2010,9,6.577982142,112,1.79352,112,14643.2,0.702840245
box,2019-04-30,20.62,4.66,2.45,2.43,2.43,2.46,2.39,2.27,2.24,2.28,2.39,2.51,2.75,2.93,4.424892704,2.37323464,12.84831349,2.4,2.02,2.53,2019,4.84,2015,4,3.068795842499993,112,1.79352,112,14643.2,0.702840245
coup,2019-04-30,103.33,21.19,2.45,2.43,2.43,2.46,2.39,2.27,2.24,2.28,2.39,2.51,2.75,2.93,4.876356772,7.217044022,30.08525614,2.4,2.02,2.53,2019,19.12,2017,2,6.797023982249993,112,1.79352,112,14643.2,0.702840245
crm,2019-04-30,165.35,9.23,2.45,2.43,2.43,2.46,2.39,2.27,2.24,2.28,2.39,2.51,2.75,2.93,17.91440953,4.207001567,18.74829694,2.4,2.02,2.53,2019,8.84,2010,9,4.389733977749993,112,1.79352,112,14643.2,0.702840245
intu,2019-04-30,244.91,9.7,2.45,2.43,2.43,2.46,2.39,2.27,2.24,2.28,2.39,2.51,2.75,2.93,25.24845361,5.367089291,9.155786573,2.4,2.02,2.53,2019,8.77,2010,9,2.233402229249993,112,1.79352,112,14643.2,0.702840245
ntap,2019-04-30,64.71,2.75,2.45,2.43,2.43,2.46,2.39,2.27,2.24,2.28,2.39,2.51,2.75,2.93,23.53090909,1.091425528,9.048653577,2.4,2.02,2.53,2019,2.42,2010,9,2.193901177999993,112,1.79352,112,14643.2,0.702840245
ntnx,2019-04-30,43.19,6.1,2.45,2.43,2.43,2.46,2.39,2.27,2.24,2.28,2.39,2.51,2.75,2.93,7.080327869,-2.149675363,-2.171393945,2.4,2.02,2.53,2019,7.08,2017,2,-0.5372143870000069,112,1.79352,112,14643.2,0.702840245
okta,2019-04-30,104.03,25.73,2.45,2.43,2.43,2.46,2.39,2.27,2.24,2.28,2.39,2.51,2.75,2.93,4.043140303,8.301028622,31.46580944,2.4,2.02,2.53,2019,22.08,2018,1,7.093144158999993,112,1.79352,112,14643.2,0.702840245
panw,2019-04-30,82.94,8.45,2.45,2.43,2.43,2.46,2.39,2.27,2.24,2.28,2.39,2.51,2.75,2.93,9.815384615,5.404702824,26.80308316,2.4,2.02,2.53,2019,7.69,2013,6,6.118260146749994,112,1.79352,112,14643.2,0.702840245
snps,2019-04-30,121.08,5.82,2.45,2.43,2.43,2.46,2.39,2.27,2.24,2.28,2.39,2.51,2.75,2.93,20.80412371,12.54507203,3.643511882,2.4,2.02,2.53,2019,5.05,2010,9,1.2270980752499947,112,1.79352,112,14643.2,0.702840245
splk,2019-04-30,138.04,10.55,2.45,2.43,2.43,2.46,2.39,2.27,2.24,2.28,2.39,2.51,2.75,2.93,13.08436019,5.437891307,32.05452661,2.4,2.02,2.53,2019,10.06,2013,6,7.205575701999995,112,1.79352,112,14643.2,0.702840245
veev,2019-04-30,139.87,24.0,2.45,2.43,2.43,2.46,2.39,2.27,2.24,2.28,2.39,2.51,2.75,2.93,5.827916667,5.218851244,23.73831337,2.4,2.02,2.53,2019,19.69,2014,5,5.469639568999996,112,1.79352,112,14643.2,0.702840245
vmw,2019-04-30,169.66,7.07,2.45,2.43,2.43,2.46,2.39,2.27,2.24,2.28,2.39,2.51,2.75,2.93,23.99717115,3.778782511,8.265704683,2.4,2.02,2.53,2019,5.43,2010,9,2.0671158662499964,112,1.79352,112,14643.2,0.702840245
wday,2019-04-30,205.63,14.84,2.45,2.43,2.43,2.46,2.39,2.27,2.24,2.28,2.39,2.51,2.75,2.93,13.856469,6.024543848,27.08792861,2.4,2.02,2.53,2019,13.89,2013,6,6.177761854499996,112,1.79352,112,14643.2,0.702840245
yext,2019-04-30,21.91,8.96,2.45,2.43,2.43,2.46,2.39,2.27,2.24,2.28,2.39,2.51,2.75,2.93,2.4453125,4.619848461,-4.313858696,2.4,2.02,2.53,2019,6.67,2018,1,-0.7857955197500033,112,1.79352,112,14643.2,0.702840245
adsk,2019-07-31,156.17,11.73,2.4,2.01,2.08,2.1,2.0,1.89,1.84,1.84,1.92,2.02,2.31,2.53,13.31372549,6.234878217,30.19339159,1.58,1.69,2.17,2019,14.22,2010,9,6.82009211325,115,1.74678,115,14914.6,0.498632131
box,2019-07-31,16.54,3.64,2.4,2.01,2.08,2.1,2.0,1.89,1.84,1.84,1.92,2.02,2.31,2.53,4.543956044,2.690762196,12.27136803,1.58,1.69,2.17,2019,4.66,2015,4,2.936867796499993,115,1.74678,115,14914.6,0.498632131
coup,2019-07-31,135.71,25.47,2.4,2.01,2.08,2.1,2.0,1.89,1.84,1.84,1.92,2.02,2.31,2.53,5.328229289,9.266600834,33.66199065,1.58,1.69,2.17,2019,21.19,2017,2,7.5280052077499935,115,1.74678,115,14914.6,0.498632131
crm,2019-07-31,154.5,15.66,2.4,2.01,2.08,2.1,2.0,1.89,1.84,1.84,1.92,2.02,2.31,2.53,9.865900383,-44.92757149,-37.48838911,1.59,1.51,1.99,2019,9.23,2010,9,-7.996328499250007,115,1.74678,115,14914.6,0.498632131
intu,2019-07-31,270.99,10.55,2.4,2.01,2.08,2.1,2.0,1.89,1.84,1.84,1.92,2.02,2.31,2.53,25.68625592,1.733976752,11.05326062,1.58,1.69,2.17,2019,9.7,2010,9,2.667963042499993,115,1.74678,115,14914.6,0.498632131
mdb,2019-07-31,143.22,22.29,2.4,2.01,2.08,2.1,2.0,1.89,1.84,1.84,1.92,2.02,2.31,2.53,6.425302826,10.70561498,-7.259998015,1.58,1.69,2.17,2019,24.28,2018,1,-1.0570154750000067,115,1.74678,115,14914.6,0.498632131
ntap,2019-07-31,52.35,2.27,2.4,2.01,2.08,2.1,2.0,1.89,1.84,1.84,1.92,2.02,2.31,2.53,23.06167401,-1.9941222,3.261226905,1.58,1.69,2.17,2019,2.75,2010,9,0.8206804442499928,115,1.74678,115,14914.6,0.498632131
ntnx,2019-07-31,22.7,3.3,2.4,2.01,2.08,2.1,2.0,1.89,1.84,1.84,1.92,2.02,2.31,2.53,6.878787879,-2.846478211,-3.339593522,1.58,1.69,2.17,2019,6.1,2017,2,-0.8307541805000069,115,1.74678,115,14914.6,0.498632131
okta,2019-07-31,130.83,29.89,2.4,2.01,2.08,2.1,2.0,1.89,1.84,1.84,1.92,2.02,2.31,2.53,4.37704918,8.258651745,31.884503,1.58,1.69,2.17,2019,25.73,2018,1,7.179066309249993,115,1.74678,115,14914.6,0.498632131
panw,2019-07-31,75.51,7.36,2.4,2.01,2.08,2.1,2.0,1.89,1.84,1.84,1.92,2.02,2.31,2.53,10.25951087,4.52479726,23.7226534,1.58,1.69,2.17,2019,8.45,2013,6,5.467649108249994,115,1.74678,115,14914.6,0.498632131
snps,2019-07-31,132.76,6.25,2.4,2.01,2.08,2.1,2.0,1.89,1.84,1.84,1.92,2.02,2.31,2.53,21.2416,2.10283449,7.122460025,1.58,1.69,2.17,2019,5.82,2010,9,2.0560803127499945,115,1.74678,115,14914.6,0.498632131
splk,2019-07-31,135.31,9.78,2.4,2.01,2.08,2.1,2.0,1.89,1.84,1.84,1.92,2.02,2.31,2.53,13.83537832,5.739815495,30.86741827,1.58,1.69,2.17,2019,10.55,2013,6,6.965782217999995,115,1.74678,115,14914.6,0.498632131
veev,2019-07-31,165.9,26.93,2.4,2.01,2.08,2.1,2.0,1.89,1.84,1.84,1.92,2.02,2.31,2.53,6.160415893,5.705284502,23.97399166,1.58,1.69,2.17,2019,24.0,2014,5,5.519876800749996,115,1.74678,115,14914.6,0.498632131
vmw,2019-07-31,145.03,7.31,2.4,2.01,2.08,2.1,2.0,1.89,1.84,1.84,1.92,2.02,2.31,2.53,19.83994528,-17.32381638,-12.76108422,1.58,1.69,2.17,2019,7.07,2010,9,-2.914647849000004,115,1.74678,115,14914.6,0.498632131
wday,2019-07-31,199.98,13.63,2.4,2.01,2.08,2.1,2.0,1.89,1.84,1.84,1.92,2.02,2.31,2.53,14.67204696,5.885900314,27.88649217,1.58,1.69,2.17,2019,14.84,2013,6,6.343058085999996,115,1.74678,115,14914.6,0.498632131
yext,2019-07-31,20.81,8.23,2.4,2.01,2.08,2.1,2.0,1.89,1.84,1.84,1.92,2.02,2.31,2.53,2.52855407,3.404128122,14.82553962,1.58,1.69,2.17,2019,8.96,2018,1,3.5231169457499965,115,1.74678,115,14914.6,0.498632131
adsk,2019-10-31,147.36,10.45,1.58,1.59,1.54,1.57,1.53,1.52,1.52,1.51,1.6,1.69,2.0,2.17,14.10143541,5.916525146,29.3949895,1.59,1.51,1.99,2019,11.73,2010,9,6.656708709249999,118,2.0622,118,15242.2,0.669713621
box,2019-10-31,16.92,3.64,1.58,1.59,1.54,1.57,1.53,1.52,1.52,1.51,1.6,1.69,2.0,2.17,4.648351648,2.297460701,11.04395604,1.59,1.51,1.99,2019,3.64,2015,4,2.6541844024999928,118,2.0622,118,15242.2,0.669713621
coup,2019-10-31,137.49,23.77,1.58,1.59,1.54,1.57,1.53,1.52,1.52,1.51,1.6,1.69,2.0,2.17,5.784181742,8.557297886,35.61555217,1.59,1.51,1.99,2019,25.47,2017,2,7.918951076999993,118,2.0622,118,15242.2,0.669713621
intu,2019-10-31,252.13,9.6,1.58,1.59,1.54,1.57,1.53,1.52,1.52,1.51,1.6,1.69,2.0,2.17,26.26354167,2.247449937,12.11142042,1.59,1.51,1.99,2019,10.55,2010,9,2.9092278052499934,118,2.0622,118,15242.2,0.669713621
mdb,2019-10-31,127.77,18.25,1.58,1.59,1.54,1.57,1.53,1.52,1.52,1.51,1.6,1.69,2.0,2.17,7.00109589,8.961337381,18.54616354,1.59,1.51,1.99,2019,22.29,2018,1,4.8728978002499925,118,2.0622,118,15242.2,0.669713621
ntap,2019-10-31,50.48,2.18,1.58,1.59,1.54,1.57,1.53,1.52,1.52,1.51,1.6,1.69,2.0,2.17,23.1559633,0.40885711,0.897443585,1.59,1.51,1.99,2019,2.27,2010,9,0.2325962142499926,118,2.0622,118,15242.2,0.669713621
ntnx,2019-10-31,29.22,4.32,1.58,1.59,1.54,1.57,1.53,1.52,1.52,1.51,1.6,1.69,2.0,2.17,6.763888889,-1.670337739,-5.328367997,1.59,1.51,1.99,2019,3.3,2017,2,-1.347158932250007,118,2.0622,118,15242.2,0.669713621
okta,2019-10-31,109.07,23.24,1.58,1.59,1.54,1.57,1.53,1.52,1.52,1.51,1.6,1.69,2.0,2.17,4.693201377,7.222952806,30.84027828,1.59,1.51,1.99,2019,29.89,2018,1,6.965132077249993,118,2.0622,118,15242.2,0.669713621
panw,2019-10-31,75.8,7.15,1.58,1.59,1.54,1.57,1.53,1.52,1.52,1.51,1.6,1.69,2.0,2.17,10.6013986,3.332397969,20.76662888,1.59,1.51,1.99,2019,7.36,2013,6,4.835328108999994,118,2.0622,118,15242.2,0.669713621
snps,2019-10-31,135.75,6.27,1.58,1.59,1.54,1.57,1.53,1.52,1.52,1.51,1.6,1.69,2.0,2.17,21.6507177,1.926021125,5.436310942,1.59,1.51,1.99,2019,6.25,2010,9,1.6485772772499945,118,2.0622,118,15242.2,0.669713621
splk,2019-10-31,119.96,8.18,1.58,1.59,1.54,1.57,1.53,1.52,1.52,1.51,1.6,1.69,2.0,2.17,14.66503667,5.996643766,28.37782506,1.59,1.51,1.99,2019,9.78,2013,6,6.451891823249995,118,2.0622,118,15242.2,0.669713621
veev,2019-10-31,141.83,21.85,1.58,1.59,1.54,1.57,1.53,1.52,1.52,1.51,1.6,1.69,2.0,2.17,6.491075515,5.367488617,23.3553048,1.59,1.51,1.99,2019,26.93,2014,5,5.387759498749996,118,2.0622,118,15242.2,0.669713621
vmw,2019-10-31,131.55,5.26,1.58,1.59,1.54,1.57,1.53,1.52,1.52,1.51,1.6,1.69,2.0,2.17,25.0095057,26.056324,14.23467,1.59,1.51,1.99,2019,7.31,2010,9,4.532709290999996,118,2.0622,118,15242.2,0.669713621
wday,2019-10-31,162.16,10.56,1.58,1.59,1.54,1.57,1.53,1.52,1.52,1.51,1.6,1.69,2.0,2.17,15.35606061,4.662019232,25.48517425,1.59,1.51,1.99,2019,13.63,2013,6,5.842347974999996,118,2.0622,118,15242.2,0.669713621
yext,2019-10-31,16.46,6.3,1.58,1.59,1.54,1.57,1.53,1.52,1.52,1.51,1.6,1.69,2.0,2.17,2.612698413,3.327765192,13.6428654,1.59,1.51,1.99,2019,8.23,2018,1,3.2542855412499967,118,2.0622,118,15242.2,0.669713621
adsk,2020-01-31,196.85,13.33,1.59,1.56,1.55,1.54,1.45,1.33,1.3,1.32,1.42,1.51,1.83,1.99,14.76744186,4.72296922,25.80415824,0.05,0.64,1.28,2020,10.45,2010,10,5.90943112275,121,2.33932,121,15450.3,0.35268901
box,2020-01-31,15.03,3.18,1.59,1.56,1.55,1.54,1.45,1.33,1.3,1.32,1.42,1.51,1.83,1.99,4.726415094,1.679379098,9.349182871,0.05,0.64,1.28,2020,3.64,2015,5,2.260209158749993,121,2.33932,121,15450.3,0.35268901
coup,2020-01-31,161.15,25.7,1.59,1.56,1.55,1.54,1.45,1.33,1.3,1.32,1.42,1.51,1.83,1.99,6.270428016,8.40648333,37.86865646,0.05,0.64,1.28,2020,23.77,2017,3,8.361856517999993,121,2.33932,121,15450.3,0.35268901
crm,2020-01-31,182.31,9.4,1.59,1.56,1.55,1.54,1.45,1.33,1.3,1.32,1.42,1.51,1.83,1.99,19.39468085,96.58297872,18.00173791,0.05,0.64,1.28,2020,15.66,2010,10,15.114378709249992,121,2.33932,121,15450.3,0.35268901
docu,2020-01-31,78.51,14.17,1.59,1.56,1.55,1.54,1.45,1.33,1.3,1.32,1.42,1.51,1.83,1.99,5.540578687,1.369403088,-29.30019916,0.05,0.64,1.28,2020,12.11,2019,1,-5.967432671000008,121,2.33932,121,15450.3,0.35268901
intu,2020-01-31,275.06,10.19,1.59,1.56,1.55,1.54,1.45,1.33,1.3,1.32,1.42,1.51,1.83,1.99,26.99313052,2.777953037,12.64799175,0.05,0.64,1.28,2020,9.6,2010,10,3.0316172542499933,121,2.33932,121,15450.3,0.35268901
mdb,2020-01-31,163.91,21.66,1.59,1.56,1.55,1.54,1.45,1.33,1.3,1.32,1.42,1.51,1.83,1.99,7.567405355,8.088868856,46.49762641,0.05,0.64,1.28,2020,18.25,2018,2,10.028684414249994,121,2.33932,121,15450.3,0.35268901
ntap,2020-01-31,48.61,2.1,1.59,1.56,1.55,1.54,1.45,1.33,1.3,1.32,1.42,1.51,1.83,1.99,23.14761905,-0.036035016,-0.555231501,0.05,0.64,1.28,2020,2.18,2010,10,-0.1324686445000073,121,2.33932,121,15450.3,0.35268901
ntnx,2020-01-31,32.47,4.86,1.59,1.56,1.55,1.54,1.45,1.33,1.3,1.32,1.42,1.51,1.83,1.99,6.681069959,-1.224427713,-7.66743059,0.05,0.64,1.28,2020,4.32,2017,3,-1.972729756500007,121,2.33932,121,15450.3,0.35268901
okta,2020-01-31,128.05,25.38,1.59,1.56,1.55,1.54,1.45,1.33,1.3,1.32,1.42,1.51,1.83,1.99,5.045311269,7.502552384,35.14554508,0.05,0.64,1.28,2020,23.24,2018,2,7.821296389249993,121,2.33932,121,15450.3,0.35268901
panw,2020-01-31,78.26,7.22,1.59,1.56,1.55,1.54,1.45,1.33,1.3,1.32,1.42,1.51,1.83,1.99,10.83933518,2.244388572,16.40062496,0.05,0.64,1.28,2020,7.15,2013,7,3.8765716562499937,121,2.33932,121,15450.3,0.35268901
smar,2020-01-31,48.48,20.04,1.59,1.56,1.55,1.54,1.45,1.33,1.3,1.32,1.42,1.51,1.83,1.99,2.419161677,2.906471321,-24.98902768,0.05,0.64,1.28,2020,16.76,2019,1,-4.720793739500006,121,2.33932,121,15450.3,0.35268901
snps,2020-01-31,147.51,6.74,1.59,1.56,1.55,1.54,1.45,1.33,1.3,1.32,1.42,1.51,1.83,1.99,21.88575668,1.085594373,18.39643408,0.05,0.64,1.28,2020,6.27,2010,10,4.414880504499994,121,2.33932,121,15450.3,0.35268901
splk,2020-01-31,155.26,9.95,1.59,1.56,1.55,1.54,1.45,1.33,1.3,1.32,1.42,1.51,1.83,1.99,15.6040201,6.402871309,25.74210366,0.05,0.64,1.28,2020,8.18,2013,7,5.8943054692499945,121,2.33932,121,15450.3,0.35268901
veev,2020-01-31,146.61,21.04,1.59,1.56,1.55,1.54,1.45,1.33,1.3,1.32,1.42,1.51,1.83,1.99,6.968155894,7.349789377,25.80505185,0.05,0.64,1.28,2020,21.85,2014,6,5.910353434999996,121,2.33932,121,15450.3,0.35268901
vmw,2020-01-31,123.06,4.57,1.59,1.56,1.55,1.54,1.45,1.33,1.3,1.32,1.42,1.51,1.83,1.99,26.92778993,7.67022049,16.45261177,0.05,0.64,1.28,2020,5.26,2010,10,5.045377655249997,121,2.33932,121,15450.3,0.35268901
wday,2020-01-31,184.63,11.53,1.59,1.56,1.55,1.54,1.45,1.33,1.3,1.32,1.42,1.51,1.83,1.99,16.01300954,4.278108501,22.52558944,0.05,0.64,1.28,2020,10.56,2013,7,5.212642973749996,121,2.33932,121,15450.3,0.35268901
yext,2020-01-31,14.94,5.55,1.59,1.56,1.55,1.54,1.45,1.33,1.3,1.32,1.42,1.51,1.83,1.99,2.691891892,3.031099143,15.16946067,0.05,0.64,1.28,2020,6.3,2018,2,3.5957102294999963,121,2.33932,121,15450.3,0.35268901
zs,2020-01-31,56.09,19.65,1.59,1.56,1.55,1.54,1.45,1.33,1.3,1.32,1.42,1.51,1.83,1.99,2.854452926,6.895952011,6.695284072,0.05,0.64,1.28,2020,16.47,2019,1,1.8260932179999965,121,2.33932,121,15450.3,0.35268901
zuo,2020-01-31,14.75,5.91,1.59,1.56,1.55,1.54,1.45,1.33,1.3,1.32,1.42,1.51,1.83,1.99,2.495769882,-2.270905691,-16.61545174,0.05,0.64,1.28,2020,5.58,2019,1,-3.973924238500004,121,2.33932,121,15450.3,0.35268901
adsk,2020-04-30,187.13,12.13,0.05,0.1,0.09,0.11,0.16,0.2,0.24,0.36,0.53,0.64,1.05,1.28,15.4270404,4.466572758,23.09775794,0.1,0.55,1.2,2020,13.33,2010,10,5.33523633525,124,0.22641,124,17851.1,5.021297124
box,2020-04-30,16.14,3.35,0.05,0.1,0.09,0.11,0.16,0.2,0.24,0.36,0.53,0.64,1.05,1.28,4.817910448,1.935829833,8.881972292,0.1,0.55,1.2,2020,3.18,2015,5,2.150857956999993,124,0.22641,124,17851.1,5.021297124
coup,2020-04-30,176.09,26.08,0.05,0.1,0.09,0.11,0.16,0.2,0.24,0.36,0.53,0.64,1.05,1.28,6.751917178,7.678728807,38.46232943,0.1,0.55,1.2,2020,25.7,2017,3,8.477277714249993,124,0.22641,124,17851.1,5.021297124
crm,2020-04-30,161.95,7.94,0.05,0.1,0.09,0.11,0.16,0.2,0.24,0.36,0.53,0.64,1.05,1.28,20.39672544,5.16659489,18.64647818,0.1,0.55,1.2,2020,9.4,2010,10,15.257250921749993,124,0.22641,124,17851.1,5.021297124
docu,2020-04-30,104.75,17.69,0.05,0.1,0.09,0.11,0.16,0.2,0.24,0.36,0.53,0.64,1.05,1.28,5.921424534,6.873755753,23.61117387,0.1,0.55,1.2,2020,14.17,2019,1,5.469310829749992,124,0.22641,124,17851.1,5.021297124
domo,2020-04-30,19.45,3.0,0.05,0.1,0.09,0.11,0.16,0.2,0.24,0.36,0.53,0.64,1.05,1.28,6.483333333,3.058766859,-15.38327678,0.1,0.55,1.2,2020,3.85,2019,1,-3.369908779750008,124,0.22641,124,17851.1,5.021297124
intu,2020-04-30,265.25,10.21,0.05,0.1,0.09,0.11,0.16,0.2,0.24,0.36,0.53,0.64,1.05,1.28,25.97943193,-3.755394692,2.895140956,0.1,0.55,1.2,2020,10.19,2010,10,0.7509962584999934,124,0.22641,124,17851.1,5.021297124
mdb,2020-04-30,162.13,19.79,0.05,0.1,0.09,0.11,0.16,0.2,0.24,0.36,0.53,0.64,1.05,1.28,8.192521475,8.260640082,41.15414521,0.1,0.55,1.2,2020,21.66,2018,2,9.004115324749993,124,0.22641,124,17851.1,5.021297124
ntap,2020-04-30,40.33,1.66,0.05,0.1,0.09,0.11,0.16,0.2,0.24,0.36,0.53,0.64,1.05,1.28,24.29518072,4.957579753,3.247947748,0.1,0.55,1.2,2020,2.1,2010,10,0.8340699117499927,124,0.22641,124,17851.1,5.021297124
ntnx,2020-04-30,20.49,3.04,0.05,0.1,0.09,0.11,0.16,0.2,0.24,0.36,0.53,0.64,1.05,1.28,6.740131579,0.884014394,-4.804809837,0.1,0.55,1.2,2020,4.86,2017,3,-1.214307317250007,124,0.22641,124,17851.1,5.021297124
okta,2020-04-30,151.3,27.94,0.05,0.1,0.09,0.11,0.16,0.2,0.24,0.36,0.53,0.64,1.05,1.28,5.415175376,7.330848136,33.93488649,0.1,0.55,1.2,2020,25.38,2018,2,7.578751267749993,124,0.22641,124,17851.1,5.021297124
panw,2020-04-30,65.5,5.81,0.05,0.1,0.09,0.11,0.16,0.2,0.24,0.36,0.53,0.64,1.05,1.28,11.27366609,4.006988488,14.85709969,0.1,0.55,1.2,2020,7.22,2013,7,3.527143072249994,124,0.22641,124,17851.1,5.021297124
smar,2020-04-30,52.72,20.23,0.05,0.1,0.09,0.11,0.16,0.2,0.24,0.36,0.53,0.64,1.05,1.28,2.606030648,7.724534193,28.48537589,0.1,0.55,1.2,2020,20.04,2019,1,6.487690448749994,124,0.22641,124,17851.1,5.021297124
snps,2020-04-30,157.12,7.14,0.05,0.1,0.09,0.11,0.16,0.2,0.24,0.36,0.53,0.64,1.05,1.28,22.00560224,0.547596165,5.775194121,0.1,0.55,1.2,2020,6.74,2010,10,1.4155115382499943,124,0.22641,124,17851.1,5.021297124
splk,2020-04-30,140.36,9.05,0.05,0.1,0.09,0.11,0.16,0.2,0.24,0.36,0.53,0.64,1.05,1.28,15.50939227,-0.606432411,18.53382237,0.1,0.55,1.2,2020,9.95,2013,7,4.383224539749994,124,0.22641,124,17851.1,5.021297124
veev,2020-04-30,190.8,25.33,0.05,0.1,0.09,0.11,0.16,0.2,0.24,0.36,0.53,0.64,1.05,1.28,7.532570075,8.099907495,29.24979038,0.1,0.55,1.2,2020,21.04,2014,6,6.630617497749996,124,0.22641,124,17851.1,5.021297124
vmw,2020-04-30,109.31,4.25,0.05,0.1,0.09,0.11,0.16,0.2,0.24,0.36,0.53,0.64,1.05,1.28,25.72,-4.485291728,7.179299776,0.1,0.55,1.2,2020,4.57,2010,10,2.9793590954999964,124,0.22641,124,17851.1,5.021297124
wday,2020-04-30,153.9,9.22,0.05,0.1,0.09,0.11,0.16,0.2,0.24,0.36,0.53,0.64,1.05,1.28,16.69197397,4.24008009,20.46340209,0.1,0.55,1.2,2020,11.53,2013,7,4.766527034249996,124,0.22641,124,17851.1,5.021297124
yext,2020-04-30,12.8,4.6,0.05,0.1,0.09,0.11,0.16,0.2,0.24,0.36,0.53,0.64,1.05,1.28,2.782608696,3.370001746,13.79358244,0.1,0.55,1.2,2020,5.55,2018,2,3.283248550749996,124,0.22641,124,17851.1,5.021297124
zs,2020-04-30,67.08,21.84,0.05,0.1,0.09,0.11,0.16,0.2,0.24,0.36,0.53,0.64,1.05,1.28,3.071428571,7.601304027,16.13965744,0.1,0.55,1.2,2020,19.65,2019,1,4.013603739499996,124,0.22641,124,17851.1,5.021297124
zuo,2020-04-30,10.57,4.15,0.05,0.1,0.09,0.11,0.16,0.2,0.24,0.36,0.53,0.64,1.05,1.28,2.546987952,2.052195222,5.567464428,0.1,0.55,1.2,2020,5.91,2019,1,1.3871387169999965,124,0.22641,124,17851.1,5.021297124
adsk,2020-07-31,236.43,14.82,0.1,0.09,0.09,0.1,0.11,0.11,0.11,0.21,0.39,0.55,0.98,1.2,15.9534413,3.412196289,19.82702593,0.09,0.87,1.63,2020,12.13,2010,10,4.62956585325,127,1.30907,127,18346.0,0.326473918
box,2020-07-31,17.95,3.67,0.1,0.09,0.09,0.1,0.11,0.11,0.11,0.21,0.39,0.55,0.98,1.2,4.891008174,1.517208081,7.637664781,0.09,0.87,1.63,2020,3.35,2015,5,1.857469428249993,127,1.30907,127,18346.0,0.326473918
coup,2020-07-31,306.45,43.27,0.1,0.09,0.09,0.1,0.11,0.11,0.11,0.21,0.39,0.55,0.98,1.2,7.082274093,4.892786838,32.91984463,0.09,0.87,1.63,2020,26.08,2017,3,7.383824215249993,127,1.30907,127,18346.0,0.326473918
crm,2020-07-31,194.85,9.13,0.1,0.09,0.09,0.1,0.11,0.11,0.11,0.21,0.39,0.55,0.98,1.2,21.34173056,4.633121726,19.13164382,0.09,0.87,1.63,2020,7.94,2010,10,15.363780961499993,127,1.30907,127,18346.0,0.326473918
docu,2020-07-31,216.83,33.73,0.1,0.09,0.09,0.1,0.11,0.11,0.11,0.21,0.39,0.55,0.98,1.2,6.428402016,8.561748604,25.41101381,0.09,0.87,1.63,2020,17.69,2019,1,5.858817629749992,127,1.30907,127,18346.0,0.326473918
domo,2020-07-31,32.18,4.78,0.1,0.09,0.09,0.1,0.11,0.11,0.11,0.21,0.39,0.55,0.98,1.2,6.732217573,3.838831464,13.82155883,0.09,0.87,1.63,2020,3.0,2019,1,3.290947111249992,127,1.30907,127,18346.0,0.326473918
intu,2020-07-31,301.71,10.37,0.1,0.09,0.09,0.1,0.11,0.11,0.11,0.21,0.39,0.55,0.98,1.2,29.09450338,11.99052949,13.26875922,0.09,0.87,1.63,2020,10.21,2010,10,3.3151344429999936,127,1.30907,127,18346.0,0.326473918
mdb,2020-07-31,229.08,26.1,0.1,0.09,0.09,0.1,0.11,0.11,0.11,0.21,0.39,0.55,0.98,1.2,8.777011494,7.13443377,36.60074445,0.09,0.87,1.63,2020,19.79,2018,2,8.111320022249993,127,1.30907,127,18346.0,0.326473918
ntap,2020-07-31,41.28,1.69,0.1,0.09,0.09,0.1,0.11,0.11,0.11,0.21,0.39,0.55,0.98,1.2,24.4260355,0.538603855,5.916142487,0.09,0.87,1.63,2020,1.66,2010,10,1.4672514254999929,127,1.30907,127,18346.0,0.326473918
ntnx,2020-07-31,22.19,3.28,0.1,0.09,0.09,0.1,0.11,0.11,0.11,0.21,0.39,0.55,0.98,1.2,6.765243902,0.372579128,-1.650639304,0.09,0.87,1.63,2020,3.04,2017,3,-0.409542982500007,127,1.30907,127,18346.0,0.326473918
okta,2020-07-31,220.98,38.22,0.1,0.09,0.09,0.1,0.11,0.11,0.11,0.21,0.39,0.55,0.98,1.2,5.781789639,6.770127238,32.09332134,0.09,0.87,1.63,2020,27.94,2018,2,7.206620140999993,127,1.30907,127,18346.0,0.326473918
panw,2020-07-31,85.31,7.29,0.1,0.09,0.09,0.1,0.11,0.11,0.11,0.21,0.39,0.55,0.98,1.2,11.70233196,3.802364423,14.06325419,0.09,0.87,1.63,2020,5.81,2013,7,3.3465348629999943,127,1.30907,127,18346.0,0.326473918
smar,2020-07-31,47.74,17.13,0.1,0.09,0.09,0.1,0.11,0.11,0.11,0.21,0.39,0.55,0.98,1.2,2.786923526,6.941318154,26.97784208,0.09,0.87,1.63,2020,20.23,2019,1,6.170277484249994,127,1.30907,127,18346.0,0.326473918
snps,2020-07-31,199.22,8.78,0.1,0.09,0.09,0.1,0.11,0.11,0.11,0.21,0.39,0.55,0.98,1.2,22.69020501,3.111038557,6.819660531,0.09,0.87,1.63,2020,7.14,2010,10,1.6675625549999946,127,1.30907,127,18346.0,0.326473918
splk,2020-07-31,209.82,13.84,0.1,0.09,0.09,0.1,0.11,0.11,0.11,0.21,0.39,0.55,0.98,1.2,15.16040462,-2.250169671,9.577087595,0.09,0.87,1.63,2020,9.05,2013,7,2.385728248249994,127,1.30907,127,18346.0,0.326473918
veev,2020-07-31,264.57,32.86,0.1,0.09,0.09,0.1,0.11,0.11,0.11,0.21,0.39,0.55,0.98,1.2,8.05143031,6.888223146,30.69621354,0.09,0.87,1.63,2020,25.33,2014,6,6.926352158749996,127,1.30907,127,18346.0,0.326473918
vmw,2020-07-31,116.53,4.35,0.1,0.09,0.09,0.1,0.11,0.11,0.11,0.21,0.39,0.55,0.98,1.2,26.78850575,4.154376933,35.02308282,0.09,0.87,1.63,2020,4.25,2010,10,8.348907423749997,127,1.30907,127,18346.0,0.326473918
wday,2020-07-31,180.92,10.47,0.1,0.09,0.09,0.1,0.11,0.11,0.11,0.21,0.39,0.55,0.98,1.2,17.27984718,3.521891502,17.77393594,0.09,0.87,1.63,2020,9.22,2013,7,4.175524831249996,127,1.30907,127,18346.0,0.326473918
yext,2020-07-31,16.82,5.85,0.1,0.09,0.09,0.1,0.11,0.11,0.11,0.21,0.39,0.55,0.98,1.2,2.875213675,3.327991453,13.709796,0.09,0.87,1.63,2020,4.6,2018,2,3.2642143834999966,127,1.30907,127,18346.0,0.326473918
zs,2020-07-31,129.85,38.78,0.1,0.09,0.09,0.1,0.11,0.11,0.11,0.21,0.39,0.55,0.98,1.2,3.348375451,9.016875157,36.00912744,0.09,0.87,1.63,2020,21.84,2019,1,7.995151836749997,127,1.30907,127,18346.0,0.326473918
zuo,2020-07-31,11.64,4.55,0.1,0.09,0.09,0.1,0.11,0.11,0.11,0.21,0.39,0.55,0.98,1.2,2.558241758,0.441847651,2.602367652,0.09,0.87,1.63,2020,4.15,2019,1,0.6614736924999964,127,1.30907,127,18346.0,0.326473918
adsk,2020-10-31,235.54,14.33,0.09,0.09,0.09,0.11,0.13,0.16,0.2,0.38,0.63,0.87,1.41,1.63,16.43684578,3.030095348,16.56150813,0.08,1.09,1.84,2020,14.82,2010,10,3.90795840375,130,1.16756,130,18949.3,1.175710525
box,2020-10-31,15.5,3.14,0.09,0.09,0.09,0.11,0.13,0.16,0.2,0.38,0.63,0.87,1.41,1.63,4.936305732,0.926139489,6.194756893,0.08,1.09,1.84,2020,3.67,2015,5,1.514639125249993,130,1.16756,130,18949.3,1.175710525
coup,2020-10-31,267.7,36.19,0.09,0.09,0.09,0.11,0.13,0.16,0.2,0.38,0.63,0.87,1.41,1.63,7.397071014,4.444856512,27.88448469,0.08,1.09,1.84,2020,43.27,2017,3,6.355713871749993,130,1.16756,130,18949.3,1.175710525
crm,2020-10-31,232.27,10.37,0.09,0.09,0.09,0.11,0.13,0.16,0.2,0.38,0.63,0.87,1.41,1.63,22.39826422,4.950552919,127.0270665,0.08,1.09,1.84,2020,9.13,2010,10,27.833312063749997,130,1.16756,130,18949.3,1.175710525
docu,2020-10-31,202.25,28.55,0.09,0.09,0.09,0.11,0.13,0.16,0.2,0.38,0.63,0.87,1.41,1.63,7.084063047,10.19944038,29.60870751,0.08,1.09,1.84,2020,33.73,2019,1,6.751086956249992,130,1.16756,130,18949.3,1.175710525
domo,2020-10-31,31.77,4.58,0.09,0.09,0.09,0.11,0.13,0.16,0.2,0.38,0.63,0.87,1.41,1.63,6.936681223,3.037092121,13.02303982,0.08,1.09,1.84,2020,4.78,2019,1,3.1089552884999923,130,1.16756,130,18949.3,1.175710525
estc,2020-10-31,101.41,16.41,0.09,0.09,0.09,0.11,0.13,0.16,0.2,0.38,0.63,0.87,1.41,1.63,6.179768434,6.518931941,24.26475062,0.08,1.09,1.84,2020,16.58,2019,1,5.605826263749991,130,1.16756,130,18949.3,1.175710525
intu,2020-10-31,310.44,10.46,0.09,0.09,0.09,0.11,0.13,0.16,0.2,0.38,0.63,0.87,1.41,1.63,29.67877629,2.008190028,13.00370935,0.08,1.09,1.84,2020,10.37,2010,10,3.2553194657499938,130,1.16756,130,18949.3,1.175710525
mdb,2020-10-31,228.47,24.37,0.09,0.09,0.09,0.11,0.13,0.16,0.2,0.38,0.63,0.87,1.41,1.63,9.375051293,6.81370645,33.90834006,0.08,1.09,1.84,2020,26.1,2018,2,7.5744122894999935,130,1.16756,130,18949.3,1.175710525
ntap,2020-10-31,41.32,1.68,0.09,0.09,0.09,0.11,0.13,0.16,0.2,0.38,0.63,0.87,1.41,1.63,24.5952381,0.692714101,6.215568636,0.08,1.09,1.84,2020,1.69,2010,10,1.5382156732499928,130,1.16756,130,18949.3,1.175710525
ntnx,2020-10-31,24.34,3.66,0.09,0.09,0.09,0.11,0.13,0.16,0.2,0.38,0.63,0.87,1.41,1.63,6.650273224,-1.699431389,-1.679738782,0.08,1.09,1.84,2020,3.28,2017,3,-0.416816395000007,130,1.16756,130,18949.3,1.175710525
okta,2020-10-31,209.83,33.94,0.09,0.09,0.09,0.11,0.13,0.16,0.2,0.38,0.63,0.87,1.41,1.63,6.182380672,6.928495463,31.7305646,0.08,1.09,1.84,2020,38.22,2018,2,7.133005805249993,130,1.16756,130,18949.3,1.175710525
panw,2020-10-31,73.73,5.98,0.09,0.09,0.09,0.11,0.13,0.16,0.2,0.38,0.63,0.87,1.41,1.63,12.32943144,5.358756516,16.30004589,0.08,1.09,1.84,2020,7.29,2013,7,3.853124499749994,130,1.16756,130,18949.3,1.175710525
smar,2020-10-31,49.85,16.67,0.09,0.09,0.09,0.11,0.13,0.16,0.2,0.38,0.63,0.87,1.41,1.63,2.99040192,7.301183249,27.20592937,0.08,1.09,1.84,2020,17.13,2019,1,6.218376729249995,130,1.16756,130,18949.3,1.175710525
snps,2020-10-31,213.86,9.01,0.09,0.09,0.09,0.11,0.13,0.16,0.2,0.38,0.63,0.87,1.41,1.63,23.73584906,4.608349923,9.630772438,0.08,1.09,1.84,2020,8.78,2010,10,2.3381447544999947,130,1.16756,130,18949.3,1.175710525
splk,2020-10-31,198.04,13.62,0.09,0.09,0.09,0.11,0.13,0.16,0.2,0.38,0.63,0.87,1.41,1.63,14.54038179,-4.089751218,-0.850014126,0.08,1.09,1.84,2020,13.84,2013,7,-0.1358704977500058,130,1.16756,130,18949.3,1.175710525
veev,2020-10-31,270.05,31.35,0.09,0.09,0.09,0.11,0.13,0.16,0.2,0.38,0.63,0.87,1.41,1.63,8.614035088,6.98763767,32.70582152,0.08,1.09,1.84,2020,32.86,2014,6,7.331389421999996,130,1.16756,130,18949.3,1.175710525
vmw,2020-10-31,106.99,3.92,0.09,0.09,0.09,0.11,0.13,0.16,0.2,0.38,0.63,0.87,1.41,1.63,27.29336735,1.884620234,9.13197434,0.08,1.09,1.84,2020,4.35,2010,10,2.305981482249996,130,1.16756,130,18949.3,1.175710525
wday,2020-10-31,210.12,11.79,0.09,0.09,0.09,0.11,0.13,0.16,0.2,0.38,0.63,0.87,1.41,1.63,17.82188295,3.136808813,16.05764922,0.08,1.09,1.84,2020,10.47,2013,7,3.794222226499996,130,1.16756,130,18949.3,1.175710525
yext,2020-10-31,16.58,5.64,0.09,0.09,0.09,0.11,0.13,0.16,0.2,0.38,0.63,0.87,1.41,1.63,2.939716312,2.243403243,12.51648096,0.08,1.09,1.84,2020,5.85,2018,2,2.993123896249996,130,1.16756,130,18949.3,1.175710525
zs,2020-10-31,135.75,36.86,0.09,0.09,0.09,0.11,0.13,0.16,0.2,0.38,0.63,0.87,1.41,1.63,3.682854042,9.989279755,37.91861318,0.08,1.09,1.84,2020,38.78,2019,1,8.375852737499997,130,1.16756,130,18949.3,1.175710525
zuo,2020-10-31,9.62,3.74,0.09,0.09,0.09,0.11,0.13,0.16,0.2,0.38,0.63,0.87,1.41,1.63,2.572192513,0.545325909,0.721643681,0.08,1.09,1.84,2020,4.55,2019,1,0.1921157727499964,130,1.16756,130,18949.3,1.175710525
adsk,2021-01-31,277.43,16.25,0.08,0.06,0.07,0.08,0.08,0.11,0.17,0.42,0.76,1.09,1.66,1.84,17.07261538,3.867953834,15.60983646,0.05,1.65,2.3,2021,14.33,2010,11,3.69420455725,133,1.69336,133,19600.5,1.261081606
box,2021-01-31,17.34,3.49,0.08,0.06,0.07,0.08,0.08,0.11,0.17,0.42,0.76,1.09,1.66,1.84,4.968481375,0.651816249,5.121562034,0.05,1.65,2.3,2021,3.14,2015,6,1.257748412999993,133,1.69336,133,19600.5,1.261081606
coup,2021-01-31,309.87,38.74,0.08,0.06,0.07,0.08,0.08,0.11,0.17,0.42,0.76,1.09,1.66,1.84,7.998709344,8.133467005,27.56241399,0.05,1.65,2.3,2021,36.19,2017,4,6.287459790499993,133,1.69336,133,19600.5,1.261081606
crm,2021-01-31,225.56,9.83,0.08,0.06,0.07,0.08,0.08,0.11,0.17,0.42,0.76,1.09,1.66,1.84,22.94608342,2.445810929,18.31121942,0.05,1.65,2.3,2021,10.37,2010,11,4.299020115999992,133,1.69336,133,19600.5,1.261081606
docu,2021-01-31,232.89,29.67,0.08,0.06,0.07,0.08,0.08,0.11,0.17,0.42,0.76,1.09,1.66,1.84,7.84934277,10.80283614,41.67008923,0.05,1.65,2.3,2021,28.55,2019,2,9.109445219249992,133,1.69336,133,19600.5,1.261081606
domo,2021-01-31,63.39,8.77,0.08,0.06,0.07,0.08,0.08,0.11,0.17,0.42,0.76,1.09,1.66,1.84,7.228050171,4.200408509,14.89675127,0.05,1.65,2.3,2021,4.58,2019,2,3.533774738249992,133,1.69336,133,19600.5,1.261081606
estc,2021-01-31,151.96,23.18,0.08,0.06,0.07,0.08,0.08,0.11,0.17,0.42,0.76,1.09,1.66,1.84,6.555651424,6.082476937,22.05960111,0.05,1.65,2.3,2021,16.41,2019,2,5.126700245499992,133,1.69336,133,19600.5,1.261081606
intu,2021-01-31,356.93,12.3,0.08,0.06,0.07,0.08,0.08,0.11,0.17,0.42,0.76,1.09,1.66,1.84,29.01869919,-2.224071158,7.504015384,0.05,1.65,2.3,2021,10.46,2010,11,2.0048134169999936,133,1.69336,133,19600.5,1.261081606
mdb,2021-01-31,369.61,36.71,0.08,0.06,0.07,0.08,0.08,0.11,0.17,0.42,0.76,1.09,1.66,1.84,10.06837374,7.395398979,33.04921921,0.05,1.65,2.3,2021,24.37,2018,3,7.401044820249993,133,1.69336,133,19600.5,1.261081606
ntap,2021-01-31,63.01,2.55,0.08,0.06,0.07,0.08,0.08,0.11,0.17,0.42,0.76,1.09,1.66,1.84,24.70980392,0.465804909,6.748792914,0.05,1.65,2.3,2021,1.68,2010,11,1.6636756544999929,133,1.69336,133,19600.5,1.261081606
ntnx,2021-01-31,30.52,4.66,0.08,0.06,0.07,0.08,0.08,0.11,0.17,0.42,0.76,1.09,1.66,1.84,6.549356223,-1.517486537,-1.971446737,0.05,1.65,2.3,2021,3.66,2017,4,-0.4900811010000069,133,1.69336,133,19600.5,1.261081606
okta,2021-01-31,259.01,39.24,0.08,0.06,0.07,0.08,0.08,0.11,0.17,0.42,0.76,1.09,1.66,1.84,6.600662589,6.765709516,30.82765835,0.05,1.65,2.3,2021,33.94,2018,3,6.948795088249993,133,1.69336,133,19600.5,1.261081606
panw,2021-01-31,116.92,8.92,0.08,0.06,0.07,0.08,0.08,0.11,0.17,0.42,0.76,1.09,1.66,1.84,13.10762332,6.311660713,20.92645075,0.05,1.65,2.3,2021,5.98,2013,8,4.8699425349999945,133,1.69336,133,19600.5,1.261081606
pd,2021-01-31,48.73,18.04,0.08,0.06,0.07,0.08,0.08,0.11,0.17,0.42,0.76,1.09,1.66,1.84,2.701219512,1.669516695,-8.260469397,0.05,1.65,2.3,2021,10.2,2020,1,-1.6857652292500056,133,1.69336,133,19600.5,1.261081606
smar,2021-01-31,69.74,21.75,0.08,0.06,0.07,0.08,0.08,0.11,0.17,0.42,0.76,1.09,1.66,1.84,3.206436782,7.224275124,32.54330261,0.05,1.65,2.3,2021,16.67,2019,2,7.297827679999994,133,1.69336,133,19600.5,1.261081606
snps,2021-01-31,255.45,10.42,0.08,0.06,0.07,0.08,0.08,0.11,0.17,0.42,0.76,1.09,1.66,1.84,24.51535509,3.284087407,12.01511306,0.05,1.65,2.3,2021,9.01,2010,11,2.8877680129999947,133,1.69336,133,19600.5,1.261081606
splk,2021-01-31,165.03,11.79,0.08,0.06,0.07,0.08,0.08,0.11,0.17,0.42,0.76,1.09,1.66,1.84,13.99745547,-3.733920667,-10.29583799,0.05,1.65,2.3,2021,13.62,2013,8,-2.6700684917500057,133,1.69336,133,19600.5,1.261081606
veev,2021-01-31,276.44,30.33,0.08,0.06,0.07,0.08,0.08,0.11,0.17,0.42,0.76,1.09,1.66,1.84,9.114408177,5.808811828,30.80086491,0.05,1.65,2.3,2021,31.35,2014,7,6.946145034749996,133,1.69336,133,19600.5,1.261081606
vmw,2021-01-31,114.57,4.12,0.08,0.06,0.07,0.08,0.08,0.11,0.17,0.42,0.76,1.09,1.66,1.84,27.80825243,1.886484264,3.26971688,0.05,1.65,2.3,2021,3.92,2010,11,0.8600474257499959,133,1.69336,133,19600.5,1.261081606
wday,2021-01-31,227.53,12.44,0.08,0.06,0.07,0.08,0.08,0.11,0.17,0.42,0.76,1.09,1.66,1.84,18.29019293,2.627724442,14.22083325,0.05,1.65,2.3,2021,11.79,2013,8,3.381626211749996,133,1.69336,133,19600.5,1.261081606
yext,2021-01-31,16.87,5.65,0.08,0.06,0.07,0.08,0.08,0.11,0.17,0.42,0.76,1.09,1.66,1.84,2.985840708,1.569008401,10.91978534,0.05,1.65,2.3,2021,5.64,2018,3,2.6276012107499964,133,1.69336,133,19600.5,1.261081606
zm,2021-01-31,372.07,41.8,0.08,0.06,0.07,0.08,0.08,0.11,0.17,0.42,0.76,1.09,1.66,1.84,8.901196172,33.21570631,229.3325923,0.05,1.65,2.3,2021,68.98,2020,1,36.05110240975,133,1.69336,133,19600.5,1.261081606
zs,2021-01-31,199.7,49.22,0.08,0.06,0.07,0.08,0.08,0.11,0.17,0.42,0.76,1.09,1.66,1.84,4.057293783,10.1671078,42.13910294,0.05,1.65,2.3,2021,36.86,2019,2,9.193641684749997,133,1.69336,133,19600.5,1.261081606
zuo,2021-01-31,14.75,5.65,0.08,0.06,0.07,0.08,0.08,0.11,0.17,0.42,0.76,1.09,1.66,1.84,2.610619469,1.493937777,4.601769912,0.05,1.65,2.3,2021,3.74,2019,2,1.1333266397499964,133,1.69336,133,19600.5,1.261081606
adsk,2021-04-30,291.91,16.65,0.05,0.01,0.01,0.03,0.05,0.16,0.35,0.86,1.32,1.65,2.19,2.3,17.53213213,2.691542785,13.6454672,0.1,1.2,1.86,2021,16.25,2010,11,3.2504470640000003,136,4.91503,136,20432.4,1.566818444
box,2021-04-30,21.3,4.25,0.05,0.01,0.01,0.03,0.05,0.16,0.35,0.86,1.32,1.65,2.19,2.3,5.011764706,0.871158152,4.023616882,0.1,1.2,1.86,2021,3.49,2015,6,0.9915804927499928,136,4.91503,136,20432.4,1.566818444
coup,2021-04-30,269.04,31.77,0.05,0.01,0.01,0.03,0.05,0.16,0.35,0.86,1.32,1.65,2.19,2.3,8.468366383,5.871660274,25.4216567,0.1,1.2,1.86,2021,38.74,2017,4,5.835692657249993,136,4.91503,136,20432.4,1.566818444
crm,2021-04-30,230.32,9.61,0.05,0.01,0.01,0.03,0.05,0.16,0.35,0.86,1.32,1.65,2.19,2.3,23.96670135,4.447896035,17.50269141,0.1,1.2,1.86,2021,9.83,2010,11,4.1193454022499925,136,4.91503,136,20432.4,1.566818444
crwd,2021-04-30,208.51,45.87,0.05,0.01,0.01,0.03,0.05,0.16,0.35,0.86,1.32,1.65,2.19,2.3,4.545672553,12.79924245,37.45855813,0.1,1.2,1.86,2021,53.55,2020,1,8.379770269249992,136,4.91503,136,20432.4,1.566818444
docu,2021-04-30,222.94,25.81,0.05,0.01,0.01,0.03,0.05,0.16,0.35,0.86,1.32,1.65,2.19,2.3,8.637737311,10.04408348,45.87262342,0.1,1.2,1.86,2021,29.67,2019,2,9.902027150999992,136,4.91503,136,20432.4,1.566818444
domo,2021-04-30,64.29,8.62,0.05,0.01,0.01,0.03,0.05,0.16,0.35,0.86,1.32,1.65,2.19,2.3,7.458236659,3.1846277,15.03706929,0.1,1.2,1.86,2021,8.77,2019,2,3.565239948499992,136,4.91503,136,20432.4,1.566818444
estc,2021-04-30,120.62,17.17,0.05,0.01,0.01,0.03,0.05,0.16,0.35,0.86,1.32,1.65,2.19,2.3,7.025043681,7.160116163,28.36531328,0.1,1.2,1.86,2021,23.18,2019,2,6.442711619499992,136,4.91503,136,20432.4,1.566818444
intu,2021-04-30,407.82,12.45,0.05,0.01,0.01,0.03,0.05,0.16,0.35,0.86,1.32,1.65,2.19,2.3,32.75662651,12.88109882,26.0867697,0.1,1.2,1.86,2021,12.3,2010,11,6.163936794999994,136,4.91503,136,20432.4,1.566818444
mdb,2021-04-30,297.46,27.63,0.05,0.01,0.01,0.03,0.05,0.16,0.35,0.86,1.32,1.65,2.19,2.3,10.76583424,6.927240844,31.41050982,0.1,1.2,1.86,2021,36.71,2018,3,7.0676950107499925,136,4.91503,136,20432.4,1.566818444
ntap,2021-04-30,71.3,2.79,0.05,0.01,0.01,0.03,0.05,0.16,0.35,0.86,1.32,1.65,2.19,2.3,25.55555556,3.422737132,5.187756564,0.1,1.2,1.86,2021,2.55,2010,11,1.2799649992499926,136,4.91503,136,20432.4,1.566818444
ntnx,2021-04-30,27.04,4.1,0.05,0.01,0.01,0.03,0.05,0.16,0.35,0.86,1.32,1.65,2.19,2.3,6.595121951,0.698782086,-2.151436156,0.1,1.2,1.86,2021,4.66,2017,4,-0.536389178000007,136,4.91503,136,20432.4,1.566818444
okta,2021-04-30,269.7,38.39,0.05,0.01,0.01,0.03,0.05,0.16,0.35,0.86,1.32,1.65,2.19,2.3,7.025266997,6.432754313,29.73295432,0.1,1.2,1.86,2021,39.24,2018,3,6.724271632499993,136,4.91503,136,20432.4,1.566818444
panw,2021-04-30,117.8,8.54,0.05,0.01,0.01,0.03,0.05,0.16,0.35,0.86,1.32,1.65,2.19,2.3,13.79391101,5.23579044,22.35514954,0.1,1.2,1.86,2021,8.92,2013,8,5.177143022999994,136,4.91503,136,20432.4,1.566818444
pd,2021-04-30,42.46,15.01,0.05,0.01,0.01,0.03,0.05,0.16,0.35,0.86,1.32,1.65,2.19,2.3,2.828780813,4.722359661,16.04567427,0.1,1.2,1.86,2021,18.04,2020,1,3.7978444259999935,136,4.91503,136,20432.4,1.566818444
smar,2021-04-30,59.3,17.28,0.05,0.01,0.01,0.03,0.05,0.16,0.35,0.86,1.32,1.65,2.19,2.3,3.431712963,7.025748415,31.68352284,0.1,1.2,1.86,2021,21.75,2019,2,7.123131235499994,136,4.91503,136,20432.4,1.566818444
snps,2021-04-30,247.06,9.7,0.05,0.01,0.01,0.03,0.05,0.16,0.35,0.86,1.32,1.65,2.19,2.3,25.47010309,3.894489813,15.74372205,0.1,1.2,1.86,2021,10.42,2010,11,3.7244914249999943,136,4.91503,136,20432.4,1.566818444
splk,2021-04-30,126.42,8.83,0.05,0.01,0.01,0.03,0.05,0.16,0.35,0.86,1.32,1.65,2.19,2.3,14.31710079,2.28359592,-7.68754476,0.1,1.2,1.86,2021,11.79,2013,8,-1.9475614090000055,136,4.91503,136,20432.4,1.566818444
veev,2021-04-30,282.45,29.19,0.05,0.01,0.01,0.03,0.05,0.16,0.35,0.86,1.32,1.65,2.19,2.3,9.676258993,6.164424559,28.45893097,0.1,1.2,1.86,2021,30.33,2014,7,6.462274300749996,136,4.91503,136,20432.4,1.566818444
vmw,2021-04-30,133.67,4.7,0.05,0.01,0.01,0.03,0.05,0.16,0.35,0.86,1.32,1.65,2.19,2.3,28.44042553,2.273329136,10.57708216,0.1,1.2,1.86,2021,4.12,2010,11,2.549702641749996,136,4.91503,136,20432.4,1.566818444
wday,2021-04-30,247.0,13.18,0.05,0.01,0.01,0.03,0.05,0.16,0.35,0.86,1.32,1.65,2.19,2.3,18.74051593,2.462100914,12.27261657,0.1,1.2,1.86,2021,12.44,2013,8,2.9371314177499963,136,4.91503,136,20432.4,1.566818444
yext,2021-04-30,13.95,4.67,0.05,0.01,0.01,0.03,0.05,0.16,0.35,0.86,1.32,1.65,2.19,2.3,2.987152034,0.04391816,7.350776231,0.1,1.2,1.86,2021,5.65,2018,3,1.7960803142499964,136,4.91503,136,20432.4,1.566818444
zm,2021-04-30,319.57,29.26,0.05,0.01,0.01,0.03,0.05,0.16,0.35,0.86,1.32,1.65,2.19,2.3,10.92173616,22.69964561,274.0232054,0.1,1.2,1.86,2021,41.8,2020,1,39.7163311375,136,4.91503,136,20432.4,1.566818444
zs,2021-04-30,187.64,41.71,0.05,0.01,0.01,0.03,0.05,0.16,0.35,0.86,1.32,1.65,2.19,2.3,4.498681371,10.87886685,46.46869581,0.1,1.2,1.86,2021,49.22,2019,2,10.013032390499998,136,4.91503,136,20432.4,1.566818444
zuo,2021-04-30,16.2,6.16,0.05,0.01,0.01,0.03,0.05,0.16,0.35,0.86,1.32,1.65,2.19,2.3,2.62987013,0.737398195,3.25412525,0.1,1.2,1.86,2021,5.65,2019,2,0.8046273829999965,136,4.91503,136,20432.4,1.566818444
adsk,2021-07-31,321.13,17.65,0.1,0.05,0.05,0.06,0.07,0.17,0.33,0.66,0.96,1.2,1.77,1.86,18.19433428,3.777077086,14.04645519,0.08,1.58,1.98,2021,16.65,2010,11,3.34166726325,139,5.18829,139,20848.2,0.895311472
box,2021-07-31,23.92,4.69,0.1,0.05,0.05,0.06,0.07,0.17,0.33,0.66,0.96,1.2,1.77,1.86,5.10021322,1.764817762,4.277339922,0.08,1.58,1.98,2021,4.25,2015,6,1.053482912999993,139,5.18829,139,20848.2,0.895311472
coup,2021-07-31,217.0,24.0,0.1,0.05,0.05,0.06,0.07,0.17,0.33,0.66,0.96,1.2,1.77,1.86,9.041666667,6.769904103,27.66615,0.08,1.58,1.98,2021,31.77,2017,4,6.304971973499994,139,5.18829,139,20848.2,0.895311472
crm,2021-07-31,241.93,9.66,0.1,0.05,0.05,0.06,0.07,0.17,0.33,0.66,0.96,1.2,1.77,1.86,25.04451346,4.497123275,17.34996555,0.08,1.58,1.98,2021,9.61,2010,11,4.085345789499993,139,5.18829,139,20848.2,0.895311472
crwd,2021-07-31,253.61,49.54,0.1,0.05,0.05,0.06,0.07,0.17,0.33,0.66,0.96,1.2,1.77,1.86,5.119297537,12.61914442,50.82029406,0.08,1.58,1.98,2021,45.87,2020,1,10.874108442749993,139,5.18829,139,20848.2,0.895311472
docu,2021-07-31,298.04,31.71,0.1,0.05,0.05,0.06,0.07,0.17,0.33,0.66,0.96,1.2,1.77,1.86,9.398927783,8.81238274,46.20939636,0.08,1.58,1.98,2021,25.81,2019,2,9.964685684999992,139,5.18829,139,20848.2,0.895311472
domo,2021-07-31,88.33,11.53,0.1,0.05,0.05,0.06,0.07,0.17,0.33,0.66,0.96,1.2,1.77,1.86,7.660884649,2.717103239,13.7943711,0.08,1.58,1.98,2021,8.62,2019,2,3.284807892249992,139,5.18829,139,20848.2,0.895311472
estc,2021-07-31,148.06,19.46,0.1,0.05,0.05,0.06,0.07,0.17,0.33,0.66,0.96,1.2,1.77,1.86,7.608427544,8.304344988,31.14432755,0.08,1.58,1.98,2021,17.17,2019,2,7.016467507249992,139,5.18829,139,20848.2,0.895311472
intu,2021-07-31,525.01,14.89,0.1,0.05,0.05,0.06,0.07,0.17,0.33,0.66,0.96,1.2,1.77,1.86,35.25923439,7.640004928,21.18864492,0.08,1.58,1.98,2021,12.45,2010,11,5.076305654499993,139,5.18829,139,20848.2,0.895311472
mdb,2021-07-31,358.92,31.12,0.1,0.05,0.05,0.06,0.07,0.17,0.33,0.66,0.96,1.2,1.77,1.86,11.53341902,7.129821693,31.40485267,0.08,1.58,1.98,2021,27.63,2018,3,7.066541991499993,139,5.18829,139,20848.2,0.895311472
ntap,2021-07-31,76.44,3.27,0.1,0.05,0.05,0.06,0.07,0.17,0.33,0.66,0.96,1.2,1.77,1.86,23.37614679,-8.52812126,-4.298236256,0.08,1.58,1.98,2021,2.79,2010,11,-0.9867162795000076,139,5.18829,139,20848.2,0.895311472
ntnx,2021-07-31,36.02,5.3,0.1,0.05,0.05,0.06,0.07,0.17,0.33,0.66,0.96,1.2,1.77,1.86,6.796226415,3.049291057,0.457965937,0.08,1.58,1.98,2021,4.1,2017,4,0.132788804249993,139,5.18829,139,20848.2,0.895311472
okta,2021-07-31,247.79,32.94,0.1,0.05,0.05,0.06,0.07,0.17,0.33,0.66,0.96,1.2,1.77,1.86,7.522465088,7.077283919,30.10617054,0.08,1.58,1.98,2021,38.39,2018,3,6.801060802749993,139,5.18829,139,20848.2,0.895311472
panw,2021-07-31,133.02,9.02,0.1,0.05,0.05,0.06,0.07,0.17,0.33,0.66,0.96,1.2,1.77,1.86,14.74722838,6.91114633,26.01956969,0.08,1.58,1.98,2021,8.54,2013,8,5.954338499749994,139,5.18829,139,20848.2,0.895311472
pd,2021-07-31,40.59,13.58,0.1,0.05,0.05,0.06,0.07,0.17,0.33,0.66,0.96,1.2,1.77,1.86,2.988954345,5.662281472,17.38117948,0.08,1.58,1.98,2021,15.01,2020,1,4.098387766499995,139,5.18829,139,20848.2,0.895311472
smar,2021-07-31,72.55,19.49,0.1,0.05,0.05,0.06,0.07,0.17,0.33,0.66,0.96,1.2,1.77,1.86,3.722421755,8.471244388,33.56741655,0.08,1.58,1.98,2021,17.28,2019,2,7.505612793999994,139,5.18829,139,20848.2,0.895311472
snps,2021-07-31,287.99,11.07,0.1,0.05,0.05,0.06,0.07,0.17,0.33,0.66,0.96,1.2,1.77,1.86,26.01535682,2.140759798,14.65456926,0.08,1.58,1.98,2021,9.7,2010,11,3.4819217352499945,139,5.18829,139,20848.2,0.895311472
splk,2021-07-31,141.98,9.52,0.1,0.05,0.05,0.06,0.07,0.17,0.33,0.66,0.96,1.2,1.77,1.86,14.91386555,4.168195517,-1.626203813,0.08,1.58,1.98,2021,8.83,2013,8,-0.3429701120000059,139,5.18829,139,20848.2,0.895311472
veev,2021-07-31,332.71,32.38,0.1,0.05,0.05,0.06,0.07,0.17,0.33,0.66,0.96,1.2,1.77,1.86,10.27516986,6.189487751,27.61918643,0.08,1.58,1.98,2021,29.19,2014,7,6.287590451999996,139,5.18829,139,20848.2,0.895311472
vmw,2021-07-31,127.78,4.4,0.1,0.05,0.05,0.06,0.07,0.17,0.33,0.66,0.96,1.2,1.77,1.86,29.04090909,2.111373328,8.408096237,0.08,1.58,1.98,2021,4.7,2010,11,2.038951740499996,139,5.18829,139,20848.2,0.895311472
wday,2021-07-31,234.4,12.28,0.1,0.05,0.05,0.06,0.07,0.17,0.33,0.66,0.96,1.2,1.77,1.86,19.08794788,1.853908135,10.46363826,0.08,1.58,1.98,2021,13.18,2013,8,2.520135575999996,139,5.18829,139,20848.2,0.895311472
yext,2021-07-31,13.03,4.32,0.1,0.05,0.05,0.06,0.07,0.17,0.33,0.66,0.96,1.2,1.77,1.86,3.016203704,0.972554095,4.903636544,0.08,1.58,1.98,2021,4.67,2018,3,1.2072209747499965,139,5.18829,139,20848.2,0.895311472
zm,2021-07-31,378.1,31.44,0.1,0.05,0.05,0.06,0.07,0.17,0.33,0.66,0.96,1.2,1.77,1.86,12.02608142,10.11144428,158.4155813,0.08,1.58,1.98,2021,29.26,2020,1,27.40116578,139,5.18829,139,20848.2,0.895311472
zs,2021-07-31,235.91,47.39,0.1,0.05,0.05,0.06,0.07,0.17,0.33,0.66,0.96,1.2,1.77,1.86,4.978054442,10.65585737,48.67073643,0.08,1.58,1.98,2021,41.71,2019,2,10.422777943749995,139,5.18829,139,20848.2,0.895311472
zuo,2021-07-31,17.29,6.43,0.1,0.05,0.05,0.06,0.07,0.17,0.33,0.66,0.96,1.2,1.77,1.86,2.688958009,2.24679838,5.109612908,0.08,1.58,1.98,2021,6.16,2019,2,1.2558650652499963,139,5.18829,139,20848.2,0.895311472
adsk,2021-10-31,317.61,16.73,0.08,0.05,0.05,0.06,0.15,0.5,0.79,1.2,1.46,1.58,2.01,1.98,18.98445906,4.34269683,15.49940489,0.08,1.79,2.11,2021,17.65,2010,11,3.66981763375,142,6.86239,142,21316.0,0.947627144
box,2021-10-31,25.83,4.84,0.08,0.05,0.05,0.06,0.15,0.5,0.79,1.2,1.46,1.58,2.01,1.98,5.33677686,4.638308826,8.112769928,0.08,1.79,2.11,2021,4.69,2015,6,1.981525247249993,142,6.86239,142,21316.0,0.947627144
coup,2021-10-31,227.7,23.67,0.08,0.05,0.05,0.06,0.15,0.5,0.79,1.2,1.46,1.58,2.01,1.98,9.619771863,6.393790191,30.04839138,0.08,1.79,2.11,2021,24.0,2017,4,6.792205393249993,142,6.86239,142,21316.0,0.947627144
crm,2021-10-31,299.69,11.47,0.08,0.05,0.05,0.06,0.15,0.5,0.79,1.2,1.46,1.58,2.01,1.98,26.12816042,4.326883662,16.65261271,0.08,1.79,2.11,2021,9.66,2010,11,3.929428475249993,142,6.86239,142,21316.0,0.947627144
crwd,2021-10-31,281.8,49.23,0.08,0.05,0.05,0.06,0.15,0.5,0.79,1.2,1.46,1.58,2.01,1.98,5.72415194,11.81518359,49.02023461,0.08,1.79,2.11,2021,49.54,2020,1,10.536446282749992,142,6.86239,142,21316.0,0.947627144
docu,2021-10-31,278.29,27.54,0.08,0.05,0.05,0.06,0.15,0.5,0.79,1.2,1.46,1.58,2.01,1.98,10.10493827,7.511606695,42.64325718,0.08,1.79,2.11,2021,31.71,2019,2,9.292727263749992,142,6.86239,142,21316.0,0.947627144
domo,2021-10-31,88.35,11.24,0.08,0.05,0.05,0.06,0.15,0.5,0.79,1.2,1.46,1.58,2.01,1.98,7.860320285,2.603297727,13.31528771,0.08,1.79,2.11,2021,11.53,2019,2,3.176359293749992,142,6.86239,142,21316.0,0.947627144
estc,2021-10-31,173.51,21.25,0.08,0.05,0.05,0.06,0.15,0.5,0.79,1.2,1.46,1.58,2.01,1.98,8.165176471,7.317529459,32.12754746,0.08,1.79,2.11,2021,19.46,2019,2,7.216116886749992,142,6.86239,142,21316.0,0.947627144
intu,2021-10-31,620.91,16.55,0.08,0.05,0.05,0.06,0.15,0.5,0.79,1.2,1.46,1.58,2.01,1.98,37.51722054,6.403956857,26.41094153,0.08,1.79,2.11,2021,14.89,2010,11,6.175247361749993,142,6.86239,142,21316.0,0.947627144
mdb,2021-10-31,521.29,42.0,0.08,0.05,0.05,0.06,0.15,0.5,0.79,1.2,1.46,1.58,2.01,1.98,12.41166667,7.614807385,32.39038678,0.08,1.79,2.11,2021,31.12,2018,3,7.266817225249992,142,6.86239,142,21316.0,0.947627144
ntap,2021-10-31,86.24,3.25,0.08,0.05,0.05,0.06,0.15,0.5,0.79,1.2,1.46,1.58,2.01,1.98,26.53538462,13.5147929,7.888301437,0.08,1.79,2.11,2021,3.27,2010,11,2.2188034202499924,142,6.86239,142,21316.0,0.947627144
ntnx,2021-10-31,34.31,4.89,0.08,0.05,0.05,0.06,0.15,0.5,0.79,1.2,1.46,1.58,2.01,1.98,7.016359918,3.239054876,5.504836897,0.08,1.79,2.11,2021,5.3,2017,4,1.367410370499993,142,6.86239,142,21316.0,0.947627144
okta,2021-10-31,247.18,30.46,0.08,0.05,0.05,0.06,0.15,0.5,0.79,1.2,1.46,1.58,2.01,1.98,8.114904793,7.875605911,31.25857536,0.08,1.79,2.11,2021,32.94,2018,3,7.037838414749993,142,6.86239,142,21316.0,0.947627144
panw,2021-10-31,169.7,10.81,0.08,0.05,0.05,0.06,0.15,0.5,0.79,1.2,1.46,1.58,2.01,1.98,15.69842738,6.450018784,27.32482808,0.08,1.79,2.11,2021,9.02,2013,8,6.227154066749994,142,6.86239,142,21316.0,0.947627144
pd,2021-10-31,41.75,13.21,0.08,0.05,0.05,0.06,0.15,0.5,0.79,1.2,1.46,1.58,2.01,1.98,3.160484481,5.738800833,18.95550447,0.08,1.79,2.11,2021,13.58,2020,1,4.448239665249995,142,6.86239,142,21316.0,0.947627144
smar,2021-10-31,69.01,17.03,0.08,0.05,0.05,0.06,0.15,0.5,0.79,1.2,1.46,1.58,2.01,1.98,4.052260716,8.860870244,35.50889898,0.08,1.79,2.11,2021,19.49,2019,2,7.895534542749994,142,6.86239,142,21316.0,0.947627144
snps,2021-10-31,333.18,12.45,0.08,0.05,0.05,0.06,0.15,0.5,0.79,1.2,1.46,1.58,2.01,1.98,26.76144578,2.86787903,12.74694964,0.08,1.79,2.11,2021,11.07,2010,11,3.0468040119999946,142,6.86239,142,21316.0,0.947627144
splk,2021-10-31,164.82,10.58,0.08,0.05,0.05,0.06,0.15,0.5,0.79,1.2,1.46,1.58,2.01,1.98,15.57844991,4.456150937,7.139208096,0.08,1.79,2.11,2021,9.52,2013,8,1.793505426749994,142,6.86239,142,21316.0,0.947627144
veev,2021-10-31,317.01,29.19,0.08,0.05,0.05,0.06,0.15,0.5,0.79,1.2,1.46,1.58,2.01,1.98,10.8602261,5.693883945,26.0759446,0.08,1.79,2.11,2021,32.38,2014,7,5.964152020749996,142,6.86239,142,21316.0,0.947627144
vmw,2021-10-31,126.08,4.22,0.08,0.05,0.05,0.06,0.15,0.5,0.79,1.2,1.46,1.58,2.01,1.98,29.87677725,2.878243782,9.465339587,0.08,1.79,2.11,2021,4.4,2010,11,2.287357627499996,142,6.86239,142,21316.0,0.947627144
wday,2021-10-31,289.98,14.76,0.08,0.05,0.05,0.06,0.15,0.5,0.79,1.2,1.46,1.58,2.01,1.98,19.64634146,2.925372513,10.23718154,0.08,1.79,2.11,2021,12.28,2013,8,2.467276500999996,142,6.86239,142,21316.0,0.947627144
yext,2021-10-31,12.59,4.13,0.08,0.05,0.05,0.06,0.15,0.5,0.79,1.2,1.46,1.58,2.01,1.98,3.04842615,1.068311347,3.697970366,0.08,1.79,2.11,2021,4.32,2018,3,0.9134480007499964,142,6.86239,142,21316.0,0.947627144
zm,2021-10-31,274.65,21.35,0.08,0.05,0.05,0.06,0.15,0.5,0.79,1.2,1.46,1.58,2.01,1.98,12.86416862,6.968913345,92.52573198,0.08,1.79,2.11,2021,31.44,2020,1,18.24892738625,142,6.86239,142,21316.0,0.947627144
zs,2021-10-31,318.86,57.31,0.08,0.05,0.05,0.06,0.15,0.5,0.79,1.2,1.46,1.58,2.01,1.98,5.563775955,11.76607288,51.07239905,0.08,1.79,2.11,2021,47.39,2019,2,10.866976224999997,142,6.86239,142,21316.0,0.947627144
zuo,2021-10-31,21.86,7.94,0.08,0.05,0.05,0.06,0.15,0.5,0.79,1.2,1.46,1.58,2.01,1.98,2.753148615,2.38719255,7.03509167,0.08,1.79,2.11,2021,6.43,2019,2,1.7163317254999964,142,6.86239,142,21316.0,0.947627144
adsk,2022-01-31,249.79,12.64,0.08,0.03,0.22,0.49,0.78,1.18,1.39,1.62,1.75,1.79,2.17,2.11,19.76186709,4.094970685,15.75184378,0.33,2.99,3.07,2022,16.73,2010,12,3.7265718465,145,7.95485,145,21570.3,0.038957606
box,2022-01-31,26.13,4.7,0.08,0.03,0.22,0.49,0.78,1.18,1.39,1.62,1.75,1.79,2.17,2.11,5.559574468,4.174759681,11.89685636,0.33,2.99,3.07,2022,4.84,2015,7,2.862261105249993,145,7.95485,145,21570.3,0.038957606
coup,2022-01-31,134.27,13.63,0.08,0.03,0.22,0.49,0.78,1.18,1.39,1.62,1.75,1.79,2.17,2.11,9.85106383,2.404339416,23.15816722,0.33,2.99,3.07,2022,23.67,2017,5,5.359923495999993,145,7.95485,145,21570.3,0.038957606
crm,2022-01-31,232.63,8.49,0.08,0.03,0.22,0.49,0.78,1.18,1.39,1.62,1.75,1.79,2.17,2.11,27.40047114,4.869499818,19.41240971,0.33,2.99,3.07,2022,11.47,2010,12,4.535350697499993,145,7.95485,145,21570.3,0.038957606
crwd,2022-01-31,180.64,28.2,0.08,0.03,0.22,0.49,0.78,1.18,1.39,1.62,1.75,1.79,2.17,2.11,6.405673759,11.90607493,58.95450871,0.33,2.99,3.07,2022,49.23,2020,2,12.284911347499992,145,7.95485,145,21570.3,0.038957606
docu,2022-01-31,125.77,11.71,0.08,0.03,0.22,0.49,0.78,1.18,1.39,1.62,1.75,1.79,2.17,2.11,10.74039283,6.288554546,36.83174682,0.33,2.99,3.07,2022,27.54,2019,3,8.164156865249991,145,7.95485,145,21570.3,0.038957606
domo,2022-01-31,46.96,5.79,0.08,0.03,0.22,0.49,0.78,1.18,1.39,1.62,1.75,1.79,2.17,2.11,8.110535406,3.183268774,12.20917417,0.33,2.99,3.07,2022,11.24,2019,3,2.922074359999992,145,7.95485,145,21570.3,0.038957606
estc,2022-01-31,93.25,10.6,0.08,0.03,0.22,0.49,0.78,1.18,1.39,1.62,1.75,1.79,2.17,2.11,8.797169811,7.740106328,34.19215335,0.33,2.99,3.07,2022,21.25,2019,3,7.630524234499992,145,7.95485,145,21570.3,0.038957606
intu,2022-01-31,551.39,13.43,0.08,0.03,0.22,0.49,0.78,1.18,1.39,1.62,1.75,1.79,2.17,2.11,41.05658972,9.433985592,41.48321901,0.33,2.99,3.07,2022,16.55,2010,12,9.089761549249994,145,7.95485,145,21570.3,0.038957606
mdb,2022-01-31,405.11,29.7,0.08,0.03,0.22,0.49,0.78,1.18,1.39,1.62,1.75,1.79,2.17,2.11,13.64006734,9.897145213,35.47438437,0.33,2.99,3.07,2022,42.0,2018,4,7.892253783749993,145,7.95485,145,21570.3,0.038957606
ntap,2022-01-31,83.99,3.08,0.08,0.03,0.22,0.49,0.78,1.18,1.39,1.62,1.75,1.79,2.17,2.11,27.26948052,2.76647923,10.35895148,0.33,2.99,3.07,2022,3.25,2010,12,2.793972000499992,145,7.95485,145,21570.3,0.038957606
ntnx,2022-01-31,27.34,3.8,0.08,0.03,0.22,0.49,0.78,1.18,1.39,1.62,1.75,1.79,2.17,2.11,7.194736842,2.542300081,9.854107746,0.33,2.99,3.07,2022,4.89,2017,5,2.382357024999993,145,7.95485,145,21570.3,0.038957606
okta,2022-01-31,197.89,22.34,0.08,0.03,0.22,0.49,0.78,1.18,1.39,1.62,1.75,1.79,2.17,2.11,8.858102059,9.158422494,34.2001949,0.33,2.99,3.07,2022,30.46,2018,4,7.636016659249993,145,7.95485,145,21570.3,0.038957606
panw,2022-01-31,172.47,10.37,0.08,0.03,0.22,0.49,0.78,1.18,1.39,1.62,1.75,1.79,2.17,2.11,16.6316297,5.944559263,26.88516672,0.33,2.99,3.07,2022,10.81,2013,9,6.1353787042499945,145,7.95485,145,21570.3,0.038957606
pd,2022-01-31,33.02,9.87,0.08,0.03,0.22,0.49,0.78,1.18,1.39,1.62,1.75,1.79,2.17,2.11,3.345491388,5.853751464,23.85114845,0.33,2.99,3.07,2022,13.21,2020,2,5.494298357499994,145,7.95485,145,21570.3,0.038957606
smar,2022-01-31,62.22,14.16,0.08,0.03,0.22,0.49,0.78,1.18,1.39,1.62,1.75,1.79,2.17,2.11,4.394067797,8.434972578,37.03896555,0.33,2.99,3.07,2022,17.03,2019,3,8.198208906249993,145,7.95485,145,21570.3,0.038957606
snps,2022-01-31,310.5,10.83,0.08,0.03,0.22,0.49,0.78,1.18,1.39,1.62,1.75,1.79,2.17,2.11,28.67036011,7.133076229,16.94858186,0.33,2.99,3.07,2022,12.45,2010,12,4.009051217499994,145,7.95485,145,21570.3,0.038957606
splk,2022-01-31,123.92,7.51,0.08,0.03,0.22,0.49,0.78,1.18,1.39,1.62,1.75,1.79,2.17,2.11,16.50066578,5.919817948,17.88332396,0.33,2.99,3.07,2022,10.58,2013,9,4.206940080499994,145,7.95485,145,21570.3,0.038957606
veev,2022-01-31,236.54,20.78,0.08,0.03,0.22,0.49,0.78,1.18,1.39,1.62,1.75,1.79,2.17,2.11,11.38306064,4.814214044,24.89083673,0.33,2.99,3.07,2022,29.19,2014,8,5.715502574749996,145,7.95485,145,21570.3,0.038957606
vmw,2022-01-31,128.48,4.22,0.08,0.03,0.22,0.49,0.78,1.18,1.39,1.62,1.75,1.79,2.17,2.11,30.44549763,1.903553299,9.483678308,0.33,2.99,3.07,2022,4.22,2010,12,2.291624886249996,145,7.95485,145,21570.3,0.038957606
wday,2022-01-31,253.01,12.47,0.08,0.03,0.22,0.49,0.78,1.18,1.39,1.62,1.75,1.79,2.17,2.11,20.28949479,3.273654412,10.93100477,0.33,2.99,3.07,2022,14.76,2013,9,2.628758993499996,145,7.95485,145,21570.3,0.038957606
yext,2022-01-31,8.1,2.64,0.08,0.03,0.22,0.49,0.78,1.18,1.39,1.62,1.75,1.79,2.17,2.11,3.068181818,0.648061232,2.757719459,0.33,2.99,3.07,2022,4.13,2018,4,0.6832112084999965,145,7.95485,145,21570.3,0.038957606
zm,2022-01-31,154.28,11.51,0.08,0.03,0.22,0.49,0.78,1.18,1.39,1.62,1.75,1.79,2.17,2.11,13.40399652,4.196368397,50.5864635,0.33,2.99,3.07,2022,21.35,2020,2,10.994092907999995,145,7.95485,145,21570.3,0.038957606
zs,2022-01-31,257.11,41.34,0.08,0.03,0.22,0.49,0.78,1.18,1.39,1.62,1.75,1.79,2.17,2.11,6.219400097,11.78379839,53.28937044,0.33,2.99,3.07,2022,57.31,2019,3,11.271148872499996,145,7.95485,145,21570.3,0.038957606
zuo,2022-01-31,16.63,5.92,0.08,0.03,0.22,0.49,0.78,1.18,1.39,1.62,1.75,1.79,2.17,2.11,2.809121622,2.033054326,7.603641777,0.33,2.99,3.07,2022,7.94,2019,3,1.8511108627499964,145,7.95485,145,21570.3,0.038957606
adsk,2022-04-30,189.28,9.17,0.33,0.41,0.9,1.49,2.1,2.73,2.93,3.01,3.04,2.99,3.26,3.07,20.64122137,4.44975306,17.73366307,2.33,2.6,2.92,2022,12.64,2010,12,4.16612441525,148,8.50233,148,21665.6,-0.057200849
box,2022-04-30,30.62,5.14,0.33,0.41,0.9,1.49,2.1,2.73,2.93,3.01,3.04,2.99,3.26,3.07,5.957198444,7.15205773,18.86428819,2.33,2.6,2.92,2022,4.7,2015,7,4.432485999749993,148,8.50233,148,21665.6,-0.057200849
coup,2022-04-30,86.3,8.48,0.33,0.41,0.9,1.49,2.1,2.73,2.93,3.01,3.04,2.99,3.26,3.07,10.17688679,3.307490118,20.17532463,2.33,2.6,2.92,2022,13.63,2017,5,4.7188809569999925,148,8.50233,148,21665.6,-0.057200849
crm,2022-04-30,175.94,6.18,0.33,0.41,0.9,1.49,2.1,2.73,2.93,3.01,3.04,2.99,3.26,3.07,28.46925566,3.900606363,18.78670846,2.33,2.6,2.92,2022,8.49,2010,12,4.398528279499993,148,8.50233,148,21665.6,-0.057200849
crwd,2022-04-30,198.76,27.74,0.33,0.41,0.9,1.49,2.1,2.73,2.93,3.01,3.04,2.99,3.26,3.07,7.165104542,11.85559571,57.62473999,2.33,2.6,2.92,2022,28.2,2020,2,12.048999662499996,148,8.50233,148,21665.6,-0.057200849
docu,2022-04-30,81.0,7.18,0.33,0.41,0.9,1.49,2.1,2.73,2.93,3.01,3.04,2.99,3.26,3.07,11.28133705,5.036540371,30.60523423,2.33,2.6,2.92,2022,11.71,2019,3,6.912271087999992,148,8.50233,148,21665.6,-0.057200849
domo,2022-04-30,41.42,4.93,0.33,0.41,0.9,1.49,2.1,2.73,2.93,3.01,3.04,2.99,3.26,3.07,8.401622718,3.589002422,12.64891559,2.33,2.6,2.92,2022,5.79,2019,3,3.023168040499992,148,8.50233,148,21665.6,-0.057200849
estc,2022-04-30,76.14,8.15,0.33,0.41,0.9,1.49,2.1,2.73,2.93,3.01,3.04,2.99,3.26,3.07,9.342331288,6.197009819,32.98609536,2.33,2.6,2.92,2022,10.6,2019,3,7.389747648499992,148,8.50233,148,21665.6,-0.057200849
intu,2022-04-30,416.44,9.13,0.33,0.41,0.9,1.49,2.1,2.73,2.93,3.01,3.04,2.99,3.26,3.07,45.61226725,11.09609336,39.245924,2.33,2.6,2.92,2022,13.43,2010,12,8.643510184249994,148,8.50233,148,21665.6,-0.057200849
mdb,2022-04-30,354.93,23.83,0.33,0.41,0.9,1.49,2.1,2.73,2.93,3.01,3.04,2.99,3.26,3.07,14.89425094,9.194849064,38.34739245,2.33,2.6,2.92,2022,29.7,2018,4,8.459155838749993,148,8.50233,148,21665.6,-0.057200849
ntap,2022-04-30,71.57,2.55,0.33,0.41,0.9,1.49,2.1,2.73,2.93,3.01,3.04,2.99,3.26,3.07,28.06666667,2.923363893,9.826086957,2.33,2.6,2.92,2022,3.08,2010,12,2.6691286907499925,148,8.50233,148,21665.6,-0.057200849
ntnx,2022-04-30,25.03,3.4,0.33,0.41,0.9,1.49,2.1,2.73,2.93,3.01,3.04,2.99,3.26,3.07,7.361764706,2.321528465,11.62439088,2.33,2.6,2.92,2022,3.8,2017,5,2.788043619749993,148,8.50233,148,21665.6,-0.057200849
okta,2022-04-30,119.31,12.41,0.33,0.41,0.9,1.49,2.1,2.73,2.93,3.01,3.04,2.99,3.26,3.07,9.614020951,8.533643965,36.84918958,2.33,2.6,2.92,2022,22.34,2018,4,8.161239072249993,148,8.50233,148,21665.6,-0.057200849
panw,2022-04-30,187.09,10.62,0.33,0.41,0.9,1.49,2.1,2.73,2.93,3.01,3.04,2.99,3.26,3.07,17.61676083,5.923238704,27.7140386,2.33,2.6,2.92,2022,10.37,2013,9,6.307240770249994,148,8.50233,148,21665.6,-0.057200849
pd,2022-04-30,28.57,8.03,0.33,0.41,0.9,1.49,2.1,2.73,2.93,3.01,3.04,2.99,3.26,3.07,3.557907846,6.349335057,25.77531032,2.33,2.6,2.92,2022,9.87,2020,2,5.901042206499994,148,8.50233,148,21665.6,-0.057200849
smar,2022-04-30,48.33,10.15,0.33,0.41,0.9,1.49,2.1,2.73,2.93,3.01,3.04,2.99,3.26,3.07,4.761576355,8.363743462,38.75217438,2.33,2.6,2.92,2022,14.16,2019,3,8.532707667999993,148,8.50233,148,21665.6,-0.057200849
snps,2022-04-30,286.79,9.46,0.33,0.41,0.9,1.49,2.1,2.73,2.93,3.01,3.04,2.99,3.26,3.07,30.31606765,5.740100704,19.0260893,2.33,2.6,2.92,2022,10.83,2010,12,4.470453940249994,148,8.50233,148,21665.6,-0.057200849
splk,2022-04-30,122.02,6.92,0.33,0.41,0.9,1.49,2.1,2.73,2.93,3.01,3.04,2.99,3.26,3.07,17.63294798,6.862039466,23.16004638,2.33,2.6,2.92,2022,7.51,2013,9,5.351550966999994,148,8.50233,148,21665.6,-0.057200849
veev,2022-04-30,181.95,15.38,0.33,0.41,0.9,1.49,2.1,2.73,2.93,3.01,3.04,2.99,3.26,3.07,11.83029909,3.928982449,22.26108353,2.33,2.6,2.92,2022,20.78,2014,8,5.1566420472499965,148,8.50233,148,21665.6,-0.057200849
vmw,2022-04-30,108.04,3.53,0.33,0.41,0.9,1.49,2.1,2.73,2.93,3.01,3.04,2.99,3.26,3.07,30.60623229,0.527942313,7.615240357,2.33,2.6,2.92,2022,4.22,2010,12,1.855278180499996,148,8.50233,148,21665.6,-0.057200849
wday,2022-04-30,206.7,9.76,0.33,0.41,0.9,1.49,2.1,2.73,2.93,3.01,3.04,2.99,3.26,3.07,21.17827869,4.380512725,13.00798102,2.33,2.6,2.92,2022,12.47,2013,9,3.108361946249996,148,8.50233,148,21665.6,-0.057200849
yext,2022-04-30,5.79,1.87,0.33,0.41,0.9,1.49,2.1,2.73,2.93,3.01,3.04,2.99,3.26,3.07,3.096256684,0.91503268,3.652463918,2.33,2.6,2.92,2022,2.64,2018,4,0.9009898384999964,148,8.50233,148,21665.6,-0.057200849
zm,2022-04-30,99.57,7.23,0.33,0.41,0.9,1.49,2.1,2.73,2.93,3.01,3.04,2.99,3.26,3.07,13.77178423,2.743866032,26.09519249,2.33,2.6,2.92,2022,11.51,2020,2,6.005148013499997,148,8.50233,148,21665.6,-0.057200849
zs,2022-04-30,202.74,29.15,0.33,0.41,0.9,1.49,2.1,2.73,2.93,3.01,3.04,2.99,3.26,3.07,6.955060034,11.82847101,54.60219251,2.33,2.6,2.92,2022,41.34,2019,3,11.508549912499998,148,8.50233,148,21665.6,-0.057200849
zuo,2022-04-30,12.17,4.24,0.33,0.41,0.9,1.49,2.1,2.73,2.93,3.01,3.04,2.99,3.26,3.07,2.870283019,2.177242764,9.141625903,2.33,2.6,2.92,2022,5.92,2019,3,2.211072004999997,148,8.50233,148,21665.6,-0.057200849
adsk,2022-07-31,216.32,10.04,2.33,2.22,2.56,2.96,2.98,2.9,2.82,2.66,2.64,2.6,3.12,2.92,21.54581673,4.38247012,18.42047312,3.08,4.1,4.22,2022,9.17,2010,12,4.31747267375,151,8.22736,151,21658.6,-0.20549965
asan,2022-07-31,19.32,7.67,2.33,2.22,2.56,2.96,2.98,2.9,2.82,2.66,2.64,2.6,3.12,2.92,2.518904824,7.711377921,29.38365617,3.08,4.1,4.22,2022,11.46,2021,1,6.707925446,151,8.22736,151,21658.6,-0.20549965
box,2022-07-31,28.44,4.49,2.33,2.22,2.56,2.96,2.98,2.9,2.82,2.66,2.64,2.6,3.12,2.92,6.334075724,6.326418094,24.19237101,3.08,4.1,4.22,2022,5.14,2015,7,5.572886082749993,151,8.22736,151,21658.6,-0.20549965
coup,2022-07-31,65.42,6.21,2.33,2.22,2.56,2.96,2.98,2.9,2.82,2.66,2.64,2.6,3.12,2.92,10.53462158,3.515169157,16.51194372,3.08,4.1,4.22,2022,8.48,2017,5,3.9051972204999927,151,8.22736,151,21658.6,-0.20549965
crm,2022-07-31,184.02,6.24,2.33,2.22,2.56,2.96,2.98,2.9,2.82,2.66,2.64,2.6,3.12,2.92,29.49038462,3.586777835,17.75187673,3.08,4.1,4.22,2022,6.18,2010,12,4.1709419194999935,151,8.22736,151,21658.6,-0.20549965
crwd,2022-07-31,183.6,23.03,2.33,2.22,2.56,2.96,2.98,2.9,2.82,2.66,2.64,2.6,3.12,2.92,7.972210161,11.26439417,55.72859562,3.08,4.1,4.22,2022,27.74,2020,2,11.710312099999992,151,8.22736,151,21658.6,-0.20549965
docu,2022-07-31,63.98,5.44,2.33,2.22,2.56,2.96,2.98,2.9,2.82,2.66,2.64,2.6,3.12,2.92,11.76102941,4.252087872,25.13160738,3.08,4.1,4.22,2022,7.18,2019,3,5.772197370999992,151,8.22736,151,21658.6,-0.20549965
domo,2022-07-31,28.01,3.24,2.33,2.22,2.56,2.96,2.98,2.9,2.82,2.66,2.64,2.6,3.12,2.92,8.645061728,2.897523711,12.84678108,3.08,4.1,4.22,2022,4.93,2019,3,3.0682731584999923,151,8.22736,151,21658.6,-0.20549965
estc,2022-07-31,79.89,8.09,2.33,2.22,2.56,2.96,2.98,2.9,2.82,2.66,2.64,2.6,3.12,2.92,9.875154512,5.703321869,29.79231852,3.08,4.1,4.22,2022,8.15,2019,3,6.739491868749992,151,8.22736,151,21658.6,-0.20549965
intu,2022-07-31,454.41,10.15,2.33,2.22,2.56,2.96,2.98,2.9,2.82,2.66,2.64,2.6,3.12,2.92,44.76945813,-1.847768536,26.97229225,3.08,4.1,4.22,2022,9.13,2010,12,6.271566818249994,151,8.22736,151,21658.6,-0.20549965
mdb,2022-07-31,312.47,19.28,2.33,2.22,2.56,2.96,2.98,2.9,2.82,2.66,2.64,2.6,3.12,2.92,16.20695021,8.81346278,40.52164562,3.08,4.1,4.22,2022,23.83,2018,4,8.880066110499993,151,8.22736,151,21658.6,-0.20549965
ntap,2022-07-31,70.23,2.48,2.33,2.22,2.56,2.96,2.98,2.9,2.82,2.66,2.64,2.6,3.12,2.92,28.31854839,0.897440809,21.14292677,3.08,4.1,4.22,2022,2.55,2010,12,5.025519207999992,151,8.22736,151,21658.6,-0.20549965
ntnx,2022-07-31,15.13,2.1,2.33,2.22,2.56,2.96,2.98,2.9,2.82,2.66,2.64,2.6,3.12,2.92,7.204761905,-2.132678881,6.011210703,3.08,4.1,4.22,2022,3.4,2017,5,1.4925511352499932,151,8.22736,151,21658.6,-0.20549965
okta,2022-07-31,98.45,9.47,2.33,2.22,2.56,2.96,2.98,2.9,2.82,2.66,2.64,2.6,3.12,2.92,10.39598733,8.133603843,38.19921006,3.08,4.1,4.22,2022,12.41,2018,4,8.425319053249993,151,8.22736,151,21658.6,-0.20549965
panw,2022-07-31,166.37,8.92,2.33,2.22,2.56,2.96,2.98,2.9,2.82,2.66,2.64,2.6,3.12,2.92,18.65134529,5.872728096,26.47356377,3.08,4.1,4.22,2022,10.62,2013,9,6.047636211749993,151,8.22736,151,21658.6,-0.20549965
pd,2022-07-31,25.93,6.87,2.33,2.22,2.56,2.96,2.98,2.9,2.82,2.66,2.64,2.6,3.12,2.92,3.774381368,6.08429257,26.27765208,3.08,4.1,4.22,2022,8.03,2020,2,6.006544980999994,151,8.22736,151,21658.6,-0.20549965
smar,2022-07-31,30.06,5.84,2.33,2.22,2.56,2.96,2.98,2.9,2.82,2.66,2.64,2.6,3.12,2.92,5.147260274,8.09992092,38.27719192,3.08,4.1,4.22,2022,10.15,2019,3,8.439876800999993,151,8.22736,151,21658.6,-0.20549965
snow,2022-07-31,149.91,28.35,2.33,2.22,2.56,2.96,2.98,2.9,2.82,2.66,2.64,2.6,3.12,2.92,5.287830688,13.96718614,58.94138079,3.08,4.1,4.22,2022,36.95,2021,1,12.388478055249994,151,8.22736,151,21658.6,-0.20549965
snps,2022-07-31,367.5,11.63,2.33,2.22,2.56,2.96,2.98,2.9,2.82,2.66,2.64,2.6,3.12,2.92,31.59931212,4.232885628,21.46407348,3.08,4.1,4.22,2022,9.46,2010,12,4.993485397749994,151,8.22736,151,21658.6,-0.20549965
splk,2022-07-31,103.91,5.51,2.33,2.22,2.56,2.96,2.98,2.9,2.82,2.66,2.64,2.6,3.12,2.92,18.8584392,6.9500076,26.44903592,3.08,4.1,4.22,2022,6.92,2013,9,6.047003987749994,151,8.22736,151,21658.6,-0.20549965
veev,2022-07-31,223.58,18.14,2.33,2.22,2.56,2.96,2.98,2.9,2.82,2.66,2.64,2.6,3.12,2.92,12.32524807,4.183740217,19.95176957,3.08,4.1,4.22,2022,15.38,2014,8,4.655205163749996,151,8.22736,151,21658.6,-0.20549965
vmw,2022-07-31,116.2,3.74,2.33,2.22,2.56,2.96,2.98,2.9,2.82,2.66,2.64,2.6,3.12,2.92,31.06951872,1.51369962,6.985351661,3.08,4.1,4.22,2022,3.53,2010,12,1.705859753499996,151,8.22736,151,21658.6,-0.20549965
wday,2022-07-31,155.1,6.94,2.33,2.22,2.56,2.96,2.98,2.9,2.82,2.66,2.64,2.6,3.12,2.92,22.34870317,5.526532627,17.08279647,3.08,4.1,4.22,2022,9.76,2013,9,4.026518069249996,151,8.22736,151,21658.6,-0.20549965
yext,2022-07-31,4.38,1.4,2.33,2.22,2.56,2.96,2.98,2.9,2.82,2.66,2.64,2.6,3.12,2.92,3.128571429,1.043671355,3.725468699,3.08,4.1,4.22,2022,1.87,2018,4,0.9187691534999964,151,8.22736,151,21658.6,-0.20549965
zm,2022-07-31,103.86,7.41,2.33,2.22,2.56,2.96,2.98,2.9,2.82,2.66,2.64,2.6,3.12,2.92,14.01619433,1.7747163,16.54830727,3.08,4.1,4.22,2022,7.23,2020,2,3.920966018499996,151,8.22736,151,21658.6,-0.20549965
zs,2022-07-31,155.06,19.98,2.33,2.22,2.56,2.96,2.98,2.9,2.82,2.66,2.64,2.6,3.12,2.92,7.760760761,11.58438205,55.89947542,3.08,4.1,4.22,2022,29.15,2019,3,11.740681082499997,151,8.22736,151,21658.6,-0.20549965
zuo,2022-07-31,8.51,2.91,2.33,2.22,2.56,2.96,2.98,2.9,2.82,2.66,2.64,2.6,3.12,2.92,2.924398625,1.885375282,8.755830894,3.08,4.1,4.22,2022,4.24,2019,3,2.1207162304999967,151,8.22736,151,21658.6,-0.20549965
adsk,2022-10-31,214.3,9.58,3.08,3.73,4.22,4.57,4.66,4.51,4.45,4.27,4.18,4.1,4.44,4.22,22.36951983,3.82303029,17.83069387,4.33,3.39,3.57,2022,10.04,2010,12,4.18755603875,154,7.13535,154,21396.9,-0.160512895
ai,2022-10-31,13.11,5.16,3.08,3.73,4.22,4.57,4.66,4.51,4.45,4.27,4.18,4.1,4.44,4.22,2.540697674,0.468653285,2.427505979,,,,2022,7.28,2021,1,0.6393254237499998,154,7.13535,154,21396.9,-0.160512895
asan,2022-10-31,20.6,7.72,3.08,3.73,4.22,4.57,4.66,4.51,4.45,4.27,4.18,4.1,4.44,4.22,2.668393782,5.934680698,35.52217907,4.33,3.39,3.57,2022,7.67,2021,1,7.90751223525,154,7.13535,154,21396.9,-0.160512895
box,2022-10-31,29.05,4.44,3.08,3.73,4.22,4.57,4.66,4.51,4.45,4.27,4.18,4.1,4.44,4.22,6.542792793,3.295146412,22.59820796,4.33,3.39,3.57,2022,4.49,2015,7,5.237095479249993,154,7.13535,154,21396.9,-0.160512895
coup,2022-10-31,53.23,4.89,3.08,3.73,4.22,4.57,4.66,4.51,4.45,4.27,4.18,4.1,4.44,4.22,10.88548057,3.330532491,13.15736722,4.33,3.39,3.57,2022,6.21,2017,5,3.1393827954999924,154,7.13535,154,21396.9,-0.160512895
crm,2022-10-31,162.59,5.34,3.08,3.73,4.22,4.57,4.66,4.51,4.45,4.27,4.18,4.1,4.44,4.22,30.44756554,3.245739044,16.53160825,4.33,3.53,3.64,2022,6.24,2010,12,3.900655764999993,154,7.13535,154,21396.9,-0.160512895
crwd,2022-10-31,161.2,18.33,3.08,3.73,4.22,4.57,4.66,4.51,4.45,4.27,4.18,4.1,4.44,4.22,8.794326241,10.31227306,53.63544388,4.33,3.39,3.57,2022,23.03,2020,2,11.334584467499994,154,7.13535,154,21396.9,-0.160512895
docu,2022-10-31,48.3,3.96,3.08,3.73,4.22,4.57,4.66,4.51,4.45,4.27,4.18,4.1,4.44,4.22,12.1969697,3.706650753,20.70305992,4.33,3.39,3.57,2022,5.44,2019,3,4.820958385499992,154,7.13535,154,21396.9,-0.160512895
domo,2022-10-31,17.67,1.98,3.08,3.73,4.22,4.57,4.66,4.51,4.45,4.27,4.18,4.1,4.44,4.22,8.924242424,3.229366135,13.53535354,,,,2022,3.24,2019,3,3.224790260499992,154,7.13535,154,21396.9,-0.160512895
estc,2022-10-31,63.95,6.14,3.08,3.73,4.22,4.57,4.66,4.51,4.45,4.27,4.18,4.1,4.44,4.22,10.41530945,5.469837802,27.55767721,4.33,3.39,3.57,2022,8.09,2019,3,6.277568954499992,154,7.13535,154,21396.9,-0.160512895
intu,2022-10-31,426.66,9.15,3.08,3.73,4.22,4.57,4.66,4.51,4.45,4.27,4.18,4.1,4.44,4.22,46.6295082,4.154729913,24.28828021,4.33,3.39,3.57,2022,10.15,2010,12,5.709260082249994,154,7.13535,154,21396.9,-0.160512895
mdb,2022-10-31,183.03,10.38,3.08,3.73,4.22,4.57,4.66,4.51,4.45,4.27,4.18,4.1,4.44,4.22,17.63294798,8.798680511,42.06752768,4.33,3.39,3.57,2022,19.28,2018,4,9.176034391999991,154,7.13535,154,21396.9,-0.160512895
ntap,2022-10-31,68.71,2.37,3.08,3.73,4.22,4.57,4.66,4.51,4.45,4.27,4.18,4.1,4.44,4.22,28.99156118,2.376579425,9.256231261,,,,2022,2.48,2010,12,2.2409658392499927,154,7.13535,154,21396.9,-0.160512895
ntnx,2022-10-31,27.4,3.73,3.08,3.73,4.22,4.57,4.66,4.51,4.45,4.27,4.18,4.1,4.44,4.22,7.345844504,1.958185449,4.695947609,,,,2022,2.1,2017,5,1.172333778499993,154,7.13535,154,21396.9,-0.160512895
okta,2022-10-31,56.12,5.03,3.08,3.73,4.22,4.57,4.66,4.51,4.45,4.27,4.18,4.1,4.44,4.22,11.15705765,7.320808516,37.48846029,4.33,3.39,3.57,2022,9.47,2018,4,8.286619704499993,154,7.13535,154,21396.9,-0.160512895
panw,2022-10-31,171.59,9.03,3.08,3.73,4.22,4.57,4.66,4.51,4.45,4.27,4.18,4.1,4.44,4.22,19.00221484,1.881202361,21.04534026,4.33,3.39,3.57,2022,8.92,2013,9,4.905432105999994,154,7.13535,154,21396.9,-0.160512895
pd,2022-10-31,24.94,6.25,3.08,3.73,4.22,4.57,4.66,4.51,4.45,4.27,4.18,4.1,4.44,4.22,3.9904,5.723285769,26.25912335,4.33,3.39,3.57,2022,6.87,2020,2,6.002666214999994,154,7.13535,154,21396.9,-0.160512895
smar,2022-10-31,34.92,6.31,3.08,3.73,4.22,4.57,4.66,4.51,4.45,4.27,4.18,4.1,4.44,4.22,5.5340729,7.514922611,36.56754309,,,,2022,5.84,2019,3,8.103389892749995,154,7.13535,154,21396.9,-0.160512895
snow,2022-10-31,160.3,27.06,3.08,3.73,4.22,4.57,4.66,4.51,4.45,4.27,4.18,4.1,4.44,4.22,5.923872875,12.02841439,70.51391938,,,,2022,28.35,2021,1,14.289280572499994,154,7.13535,154,21396.9,-0.160512895
snps,2022-10-31,292.55,9.01,3.08,3.73,4.22,4.57,4.66,4.51,4.45,4.27,4.18,4.1,4.44,4.22,32.46947836,2.753750557,21.32931315,,,,2022,11.63,2010,12,4.964953279499994,154,7.13535,154,21396.9,-0.160512895
splk,2022-10-31,83.11,4.07,3.08,3.73,4.22,4.57,4.66,4.51,4.45,4.27,4.18,4.1,4.44,4.22,20.42014742,8.281216712,31.0794562,4.33,3.39,3.57,2022,5.51,2013,9,7.003270431499995,154,7.13535,154,21396.9,-0.160512895
veev,2022-10-31,167.94,13.11,3.08,3.73,4.22,4.57,4.66,4.51,4.45,4.27,4.18,4.1,4.44,4.22,12.81006865,3.93355636,17.95397744,4.33,3.39,3.57,2022,18.14,2014,8,4.2151232674999966,154,7.13535,154,21396.9,-0.160512895
vmw,2022-10-31,112.53,3.62,3.08,3.73,4.22,4.57,4.66,4.51,4.45,4.27,4.18,4.1,4.44,4.22,31.08563536,0.051872843,4.046146269,4.33,3.39,3.57,2022,3.74,2010,12,0.999267018749996,154,7.13535,154,21396.9,-0.160512895
wday,2022-10-31,155.82,6.66,3.08,3.73,4.22,4.57,4.66,4.51,4.45,4.27,4.18,4.1,4.44,4.22,23.3963964,4.687937454,19.08780289,4.33,3.39,3.57,2022,6.94,2013,9,4.467159304499996,154,7.13535,154,21396.9,-0.160512895
yext,2022-10-31,5.32,1.68,3.08,3.73,4.22,4.57,4.66,4.51,4.45,4.27,4.18,4.1,4.44,4.22,3.166666667,1.217656012,3.878739741,,,,2022,1.4,2018,4,0.9561053197499964,154,7.13535,154,21396.9,-0.160512895
zm,2022-10-31,83.44,5.86,3.08,3.73,4.22,4.57,4.66,4.51,4.45,4.27,4.18,4.1,4.44,4.22,14.23890785,1.588972817,10.68657659,4.33,3.39,3.57,2022,7.41,2020,2,2.575980886499996,154,7.13535,154,21396.9,-0.160512895
zs,2022-10-31,154.1,17.96,3.08,3.73,4.22,4.57,4.66,4.51,4.45,4.27,4.18,4.1,4.44,4.22,8.580178174,10.55846763,54.21501949,4.33,3.39,3.57,2022,19.98,2019,3,11.438779769999996,154,7.13535,154,21396.9,-0.160512895
zuo,2022-10-31,7.69,2.58,3.08,3.73,4.22,4.57,4.66,4.51,4.45,4.27,4.18,4.1,4.44,4.22,2.980620155,1.922498839,8.26223253,4.33,3.39,3.57,2022,2.91,2019,3,2.0045428027499965,154,7.13535,154,21396.9,-0.160512895
adsk,2023-01-19,196.05,8.76,4.33,4.69,4.71,4.79,4.65,4.09,3.76,3.48,3.43,3.39,3.69,3.57,22.38013699,0.047462589,13.24910185,,,,2023,9.58,2010,13,3.17567901475,157,5.98644,157,21075.4,-0.643975108
appf,2023-01-19,113.93,9.02,4.33,4.69,4.71,4.79,4.65,4.09,3.76,3.48,3.43,3.39,3.69,3.57,12.6308204,-0.010025679,24.47190431,,,,2023,8.29,2016,7,5.678733842999999,157,5.98644,157,21075.4,-0.643975108
asan,2023-01-19,13.1,4.91,4.33,4.69,4.71,4.79,4.65,4.09,3.76,3.48,3.43,3.39,3.69,3.57,2.66802444,-0.013841378,22.67421825,,,,2023,7.72,2021,2,5.2895655582500005,157,5.98644,157,21075.4,-0.643975108
bill,2023-01-19,99.72,13.69,4.33,4.69,4.71,4.79,4.65,4.09,3.76,3.48,3.43,3.39,3.69,3.57,7.284149014,-0.01285217,64.68637927,,,,2023,18.17,2020,3,13.5841739725,157,5.98644,157,21075.4,-0.643975108
bl,2023-01-19,65.9,7.83,4.33,4.69,4.71,4.79,4.65,4.09,3.76,3.48,3.43,3.39,3.69,3.57,8.416347382,-0.099783164,15.18219278,,,,2023,7.11,2017,6,3.6198773625,157,5.98644,157,21075.4,-0.643975108
box,2023-01-19,30.54,4.67,4.33,4.69,4.71,4.79,4.65,4.09,3.76,3.48,3.43,3.39,3.69,3.57,6.539614561,-0.048576072,17.62796952,,,,2023,4.44,2015,8,4.181261540999993,157,5.98644,157,21075.4,-0.643975108
coup,2023-01-19,79.18,7.28,4.33,4.69,4.71,4.79,4.65,4.09,3.76,3.48,3.43,3.39,3.69,3.57,10.87637363,-0.083661407,10.40811241,,,,2023,4.89,2017,6,2.517382589749993,157,5.98644,157,21075.4,-0.643975108
crwd,2023-01-19,99.85,11.35,4.33,4.69,4.71,4.79,4.65,4.09,3.76,3.48,3.43,3.39,3.69,3.57,8.797356828,0.034460708,37.33694783,,,,2023,18.33,2020,3,8.366680911999993,157,5.98644,157,21075.4,-0.643975108
ddog,2023-01-19,67.43,14.11,4.33,4.69,4.71,4.79,4.65,4.09,3.76,3.48,3.43,3.39,3.69,3.57,4.778880227,0.013059939,43.33152642,,,,2023,18.58,2020,3,9.565213579749994,157,5.98644,157,21075.4,-0.643975108
docu,2023-01-19,53.99,4.42,4.33,4.69,4.71,4.79,4.65,4.09,3.76,3.48,3.43,3.39,3.69,3.57,12.21493213,0.14726961,13.72891405,,,,2023,3.96,2019,4,3.285637151499992,157,5.98644,157,21075.4,-0.643975108
dt,2023-01-19,36.02,10.07,4.33,4.69,4.71,4.79,4.65,4.09,3.76,3.48,3.43,3.39,3.69,3.57,3.576961271,-0.017715691,18.65909635,,,,2023,9.73,2020,3,4.401946796249992,157,5.98644,157,21075.4,-0.643975108
estc,2023-01-19,50.85,4.88,4.33,4.69,4.71,4.79,4.65,4.09,3.76,3.48,3.43,3.39,3.69,3.57,10.42008197,0.045822172,18.44811673,,,,2023,6.14,2019,4,4.353997915499991,157,5.98644,157,21075.4,-0.643975108
fivn,2023-01-19,70.38,6.54,4.33,4.69,4.71,4.79,4.65,4.09,3.76,3.48,3.43,3.39,3.69,3.57,10.76146789,0.036584679,18.88397021,,,,2023,6.97,2015,8,4.451806191249991,157,5.98644,157,21075.4,-0.643975108
hubs,2023-01-19,311.82,9.1,4.33,4.69,4.71,4.79,4.65,4.09,3.76,3.48,3.43,3.39,3.69,3.57,34.26593407,0.088190353,23.30849671,,,,2023,7.89,2015,8,5.425665467499991,157,5.98644,157,21075.4,-0.643975108
intu,2023-01-19,378.6,8.12,4.33,4.69,4.71,4.79,4.65,4.09,3.76,3.48,3.43,3.39,3.69,3.57,46.62561576,-0.008347575,13.56426843,,,,2023,9.15,2010,13,3.3486767904999937,157,5.98644,157,21075.4,-0.643975108
mdb,2023-01-19,189.31,10.74,4.33,4.69,4.71,4.79,4.65,4.09,3.76,3.48,3.43,3.39,3.69,3.57,17.62662942,-0.035833793,29.22685045,,,,2023,10.38,2018,5,6.692789640499993,157,5.98644,157,21075.4,-0.643975108
newr,2023-01-19,56.7,4.38,4.33,4.69,4.71,4.79,4.65,4.09,3.76,3.48,3.43,3.39,3.69,3.57,12.94520548,-0.057057731,9.250188113,,,,2023,4.43,2015,8,2.245316896999993,157,5.98644,157,21075.4,-0.643975108
now,2023-01-19,428.43,12.57,4.33,4.69,4.71,4.79,4.65,4.09,3.76,3.48,3.43,3.39,3.69,3.57,34.08353222,0.009411031,17.19807724,,,,2023,11.08,2013,10,4.0749799319999935,157,5.98644,157,21075.4,-0.643975108
okta,2023-01-19,67.67,6.07,4.33,4.69,4.71,4.79,4.65,4.09,3.76,3.48,3.43,3.39,3.69,3.57,11.14827018,-0.078761562,25.85393696,,,,2023,5.03,2018,5,5.9773236904999925,157,5.98644,157,21075.4,-0.643975108
panw,2023-01-19,140.71,7.4,4.33,4.69,4.71,4.79,4.65,4.09,3.76,3.48,3.43,3.39,3.69,3.57,19.01486486,0.066571321,14.32953479,,,,2023,9.03,2013,10,3.4359351204999937,157,5.98644,157,21075.4,-0.643975108
pcty,2023-01-19,195.63,11.96,4.33,4.69,4.71,4.79,4.65,4.09,3.76,3.48,3.43,3.39,3.69,3.57,16.35702341,0.005478842,26.19620874,,,,2023,14.77,2014,9,6.048371976249995,157,5.98644,157,21075.4,-0.643975108
pd,2023-01-19,26.38,6.62,4.33,4.69,4.71,4.79,4.65,4.09,3.76,3.48,3.43,3.39,3.69,3.57,3.98489426,-0.137974644,19.11237536,,,,2023,6.25,2020,3,4.504734687999994,157,5.98644,157,21075.4,-0.643975108
qtwo,2023-01-19,30.65,3.17,4.33,4.69,4.71,4.79,4.65,4.09,3.76,3.48,3.43,3.39,3.69,3.57,9.668769716,-0.009306973,9.175307595,,,,2023,3.33,2014,9,2.227123602749994,157,5.98644,157,21075.4,-0.643975108
rng,2023-01-19,34.61,1.71,4.33,4.69,4.71,4.79,4.65,4.09,3.76,3.48,3.43,3.39,3.69,3.57,20.23976608,-0.219371418,16.02620108,,,,2023,1.97,2014,9,3.815351973999994,157,5.98644,157,21075.4,-0.643975108
shop,2023-01-19,38.06,9.19,4.33,4.69,4.71,4.79,4.65,4.09,3.76,3.48,3.43,3.39,3.69,3.57,4.141458107,0.077551129,14.31554902,,,,2023,6.51,2016,7,3.4204592912499936,157,5.98644,157,21075.4,-0.643975108
splk,2023-01-19,87.55,4.29,4.33,4.69,4.71,4.79,4.65,4.09,3.76,3.48,3.43,3.39,3.69,3.57,20.40792541,-0.059852713,23.67940592,,,,2023,4.07,2013,10,5.5083527662499945,157,5.98644,157,21075.4,-0.643975108
team,2023-01-19,148.89,12.61,4.33,4.69,4.71,4.79,4.65,4.09,3.76,3.48,3.43,3.39,3.69,3.57,11.8072958,0.024767092,22.6281606,,,,2023,17.84,2015,8,5.276978617749997,157,5.98644,157,21075.4,-0.643975108
ttd,2023-01-19,44.26,14.71,4.33,4.69,4.71,4.79,4.65,4.09,3.76,3.48,3.43,3.39,3.69,3.57,3.008837525,0.009227207,25.25878612,,,,2023,19.86,2017,6,5.849623412999996,157,5.98644,157,21075.4,-0.643975108
twlo,2023-01-19,52.1,2.58,4.33,4.69,4.71,4.79,4.65,4.09,3.76,3.48,3.43,3.39,3.69,3.57,20.19379845,-0.111670961,23.15349096,,,,2023,3.42,2017,6,5.395719919499997,157,5.98644,157,21075.4,-0.643975108
veev,2023-01-19,158.27,12.36,4.33,4.69,4.71,4.79,4.65,4.09,3.76,3.48,3.43,3.39,3.69,3.57,12.80501618,-0.039441386,12.49185603,,,,2023,13.11,2014,9,3.0017094099999966,157,5.98644,157,21075.4,-0.643975108
vmw,2023-01-19,122.94,3.96,4.33,4.69,4.71,4.79,4.65,4.09,3.76,3.48,3.43,3.39,3.69,3.57,31.04545455,-0.12925846,1.97059323,,,,2023,3.62,2010,13,0.491064078999996,157,5.98644,157,21075.4,-0.643975108
wday,2023-01-19,167.54,7.16,4.33,4.69,4.71,4.79,4.65,4.09,3.76,3.48,3.43,3.39,3.69,3.57,23.39944134,0.013014587,15.3278659,,,,2023,6.66,2013,10,3.651999348249996,157,5.98644,157,21075.4,-0.643975108
wix,2023-01-19,81.88,3.46,4.33,4.69,4.71,4.79,4.65,4.09,3.76,3.48,3.43,3.39,3.69,3.57,23.66473988,-0.174304463,10.98236589,,,,2023,3.3,2014,9,2.6550333334999965,157,5.98644,157,21075.4,-0.643975108
zm,2023-01-19,66.84,4.7,4.33,4.69,4.71,4.79,4.65,4.09,3.76,3.48,3.43,3.39,3.69,3.57,14.2212766,-0.123824483,6.097286503,,,,2023,5.86,2020,3,1.4959326664999963,157,5.98644,157,21075.4,-0.643975108
zs,2023-01-19,110.37,12.86,4.33,4.69,4.71,4.79,4.65,4.09,3.76,3.48,3.43,3.39,3.69,3.57,8.582426128,0.026199384,37.99443667,,,,2023,17.96,2019,4,8.499380018499997,157,5.98644,157,21075.4,-0.643975108
zuo,2023-01-19,6.55,2.2,4.33,4.69,4.71,4.79,4.65,4.09,3.76,3.48,3.43,3.39,3.69,3.57,2.977272727,-0.112306419,5.985896244,,,,2023,2.58,2019,4,1.4682026164999964,157,5.98644,157,21075.4,-0.643975108
akam,2011-03-31,38.0,8.02,0.1,0.05,0.09,0.17,0.3,0.8,1.29,2.24,2.9,3.47,4.29,4.51,4.738154613,-11.8834158,-6.503632707,0.07,3.18,4.38,2011,8.75,2010,1,-1.4409606840000002,15,3.07723,15,9004.9,0.686532118
msft,2011-03-31,20.02,2.53,0.1,0.05,0.09,0.17,0.3,0.8,1.29,2.24,2.9,3.47,4.29,4.51,7.913043478,3.842865947,19.09848529,0.07,3.18,4.38,2011,2.87,2010,1,4.475060287749993,15,3.07723,15,9004.9,0.686532118
sap,2011-03-31,51.31,3.41,0.1,0.05,0.09,0.17,0.3,0.8,1.29,2.24,2.9,3.47,4.29,4.51,15.04692082,6.309766671,16.96452995,0.07,3.18,4.38,2011,2.99,2010,1,4.026247456749994,15,3.07723,15,9004.9,0.686532118
vmw,2011-03-31,56.69,6.56,0.1,0.05,0.09,0.17,0.3,0.8,1.29,2.24,2.9,3.47,4.29,4.51,8.641768293,5.418108602,56.23272413,0.07,3.18,4.38,2011,7.54,2010,1,12.134138861999997,15,3.07723,15,9004.9,0.686532118
akam,2011-06-30,31.47,5.66,0.07,0.01,0.03,0.1,0.19,0.45,0.81,1.76,2.5,3.18,4.09,4.38,5.560070671,17.3467547,5.664641056,0.06,1.92,2.9,2011,8.02,2010,1,1.9374339767500004,18,3.57988,18,9316.6,1.809638291
cdns,2011-06-30,10.56,2.72,0.07,0.01,0.03,0.1,0.19,0.45,0.81,1.76,2.5,3.18,4.09,4.38,3.882352941,5.520361991,15.33069186,0.06,1.92,2.9,2011,2.65,2010,1,3.637599802749993,18,3.57988,18,9316.6,1.809638291
msft,2011-06-30,20.63,2.53,0.07,0.01,0.03,0.1,0.19,0.45,0.81,1.76,2.5,3.18,4.09,4.38,8.154150198,3.046953047,16.61852498,0.06,1.92,2.9,2011,2.53,2010,1,3.927222040749992,18,3.57988,18,9316.6,1.809638291
sap,2011-06-30,51.23,3.22,0.07,0.01,0.03,0.1,0.19,0.45,0.81,1.76,2.5,3.18,4.09,4.38,15.90993789,5.735506137,23.2762466,0.06,1.92,2.9,2011,3.41,2010,1,5.3796561064999935,18,3.57988,18,9316.6,1.809638291
vmw,2011-06-30,69.68,7.59,0.07,0.01,0.03,0.1,0.19,0.45,0.81,1.76,2.5,3.18,4.09,4.38,9.180500659,6.234052428,53.60617053,0.06,1.92,2.9,2011,6.56,2010,1,11.680007638249997,18,3.57988,18,9316.6,1.809638291
akam,2011-09-30,19.88,3.43,0.06,0.02,0.02,0.06,0.13,0.25,0.42,0.96,1.43,1.92,2.66,2.9,5.795918367,4.241811119,12.61499418,0.07,1.97,2.98,2011,5.66,2010,1,3.5458285855000007,21,3.52227,21,9562.1,0.354732744
cdns,2011-09-30,9.24,2.28,0.06,0.02,0.02,0.06,0.13,0.25,0.42,0.96,1.43,1.92,2.66,2.9,4.052631579,4.385964912,17.91405118,0.07,1.97,2.98,2011,2.72,2010,1,4.209343485249994,21,3.52227,21,9562.1,0.354732744
ftnt,2011-09-30,3.36,6.69,0.06,0.02,0.02,0.06,0.13,0.25,0.42,0.96,1.43,1.92,2.66,2.9,0.502242152,7.071403932,24.55605381,0.07,1.97,2.98,2011,11.64,2010,1,5.646482539249991,21,3.52227,21,9562.1,0.354732744
msft,2011-09-30,19.88,2.39,0.06,0.02,0.02,0.06,0.13,0.25,0.42,0.96,1.43,1.92,2.66,2.9,8.317991632,2.009301156,12.04003403,0.07,1.97,2.98,2011,2.53,2010,1,2.885075218499993,21,3.52227,21,9562.1,0.354732744
sap,2011-09-30,42.76,2.61,0.06,0.02,0.02,0.06,0.13,0.25,0.42,0.96,1.43,1.92,2.66,2.9,16.38314176,2.974266006,23.18151701,0.07,1.97,2.98,2011,3.22,2010,1,5.359858676999994,21,3.52227,21,9562.1,0.354732744
vmw,2011-09-30,55.88,5.77,0.06,0.02,0.02,0.06,0.13,0.25,0.42,0.96,1.43,1.92,2.66,2.9,9.68457539,5.490710691,50.55783587,0.07,1.97,2.98,2011,7.59,2010,1,11.146041757749998,21,3.52227,21,9562.1,0.354732744
akam,2011-12-31,32.28,5.21,0.07,0.01,0.02,0.06,0.12,0.27,0.4,0.89,1.41,1.97,2.67,2.98,6.195777351,6.898975426,15.22433969,0.15,2.22,3.35,2011,3.43,2010,1,4.15103136125,24,3.00877,24,9733.3,0.757756131
cdns,2011-12-31,10.4,2.44,0.07,0.01,0.02,0.06,0.12,0.27,0.4,0.89,1.41,1.97,2.67,2.98,4.262295082,5.17351501,20.23181042,0.15,2.22,3.35,2011,2.28,2010,1,4.716212019999993,24,3.00877,24,9733.3,0.757756131
ftnt,2011-12-31,4.36,8.23,0.07,0.01,0.02,0.06,0.12,0.27,0.4,0.89,1.41,1.97,2.67,2.98,0.529769137,5.480819302,25.08437964,0.15,2.22,3.35,2011,6.69,2010,1,5.757863835249991,24,3.00877,24,9733.3,0.757756131
msft,2011-12-31,20.89,2.47,0.07,0.01,0.02,0.06,0.12,0.27,0.4,0.89,1.41,1.97,2.67,2.98,8.457489879,1.677066447,10.98763581,0.15,2.22,3.35,2011,2.39,2010,1,2.6440466492499928,24,3.00877,24,9733.3,0.757756131
sap,2011-12-31,44.73,2.69,0.07,0.01,0.02,0.06,0.12,0.27,0.4,0.89,1.41,1.97,2.67,2.98,16.62825279,1.496117346,17.48222079,0.15,2.22,3.35,2011,2.61,2010,1,4.128914039999994,24,3.00877,24,9733.3,0.757756131
vmw,2011-12-31,57.84,5.6,0.07,0.01,0.02,0.06,0.12,0.27,0.4,0.89,1.41,1.97,2.67,2.98,10.32857143,6.649708559,25.99486907,0.15,2.22,3.35,2011,5.77,2010,1,5.948145069999996,24,3.00877,24,9733.3,0.757756131
akam,2012-03-31,36.7,5.69,0.15,0.05,0.08,0.14,0.18,0.33,0.5,1.03,1.6,2.22,3.0,3.35,6.449912127,4.101741571,36.12709278,0.18,1.61,2.69,2012,5.21,2010,2,8.147320704,27,2.27316,27,9884.6,0.549305231
cdns,2012-03-31,11.84,2.69,0.15,0.05,0.08,0.14,0.18,0.33,0.5,1.03,1.6,2.22,3.0,3.35,4.401486989,3.265656277,19.63015918,0.18,1.61,2.69,2012,2.44,2010,2,4.586374547499993,27,2.27316,27,9884.6,0.549305231
ftnt,2012-03-31,5.53,9.93,0.15,0.05,0.08,0.14,0.18,0.33,0.5,1.03,1.6,2.22,3.0,3.35,0.556898288,5.120938311,25.23911726,0.18,1.61,2.69,2012,8.23,2010,2,5.790334048999991,27,2.27316,27,9884.6,0.549305231
msft,2012-03-31,26.12,3.04,0.15,0.05,0.08,0.14,0.18,0.33,0.5,1.03,1.6,2.22,3.0,3.35,8.592105263,1.591670656,8.581550029,0.18,1.61,2.69,2012,2.47,2010,2,2.0812478264999927,27,2.27316,27,9884.6,0.549305231
sap,2012-03-31,58.98,3.56,0.15,0.05,0.08,0.14,0.18,0.33,0.5,1.03,1.6,2.22,3.0,3.35,16.56741573,-0.365865606,10.10502366,0.18,1.61,2.69,2012,2.69,2010,2,2.460005970749994,27,2.27316,27,9884.6,0.549305231
vmw,2012-03-31,78.12,7.23,0.15,0.05,0.08,0.14,0.18,0.33,0.5,1.03,1.6,2.22,3.0,3.35,10.80497925,4.612523889,25.03204075,0.18,1.61,2.69,2012,5.6,2010,2,5.746748891749997,27,2.27316,27,9884.6,0.549305231
akam,2012-06-30,31.75,4.66,0.18,0.06,0.1,0.15,0.21,0.3,0.39,0.67,1.04,1.61,2.3,2.69,6.813304721,5.63407047,22.53989425,0.15,1.64,2.81,2012,5.69,2010,2,5.2191496465,30,1.41751,30,10051.8,0.525036753
cdns,2012-06-30,10.99,2.42,0.18,0.06,0.1,0.15,0.21,0.3,0.39,0.67,1.04,1.61,2.3,2.69,4.541322314,3.177001899,16.97345354,0.15,1.64,2.81,2012,2.69,2010,2,4.000534524499993,30,1.41751,30,10051.8,0.525036753
ftnt,2012-06-30,4.64,7.92,0.18,0.06,0.1,0.15,0.21,0.3,0.39,0.67,1.04,1.61,2.3,2.69,0.585858586,5.200284947,24.8973249,0.15,1.64,2.81,2012,9.93,2010,2,5.718361622999991,30,1.41751,30,10051.8,0.525036753
msft,2012-06-30,24.94,2.82,0.18,0.06,0.1,0.15,0.21,0.3,0.39,0.67,1.04,1.61,2.3,2.69,8.843971631,2.931369674,8.459758735,0.15,1.64,2.81,2012,3.04,2010,2,2.0523519832499924,30,1.41751,30,10051.8,0.525036753
sap,2012-06-30,50.42,3.0,0.18,0.06,0.1,0.15,0.21,0.3,0.39,0.67,1.04,1.61,2.3,2.69,16.80666667,1.444105346,5.636280825,0.15,1.64,2.81,2012,3.56,2010,2,1.387155772999994,30,1.41751,30,10051.8,0.525036753
vmw,2012-06-30,63.29,5.63,0.18,0.06,0.1,0.15,0.21,0.3,0.39,0.67,1.04,1.61,2.3,2.69,11.24156306,4.040579734,22.45043569,0.15,1.64,2.81,2012,7.23,2010,2,5.198380718249997,30,1.41751,30,10051.8,0.525036753
akam,2012-09-30,38.26,5.31,0.15,0.05,0.09,0.14,0.17,0.25,0.31,0.62,1.04,1.64,2.41,2.81,7.20527307,5.752984267,24.31633113,0.09,1.78,2.95,2012,4.66,2010,2,5.596942933499999,33,2.15568,33,10267.3,0.651909654
cdns,2012-09-30,12.87,2.76,0.15,0.05,0.09,0.14,0.17,0.25,0.31,0.62,1.04,1.64,2.41,2.81,4.663043478,2.680302251,15.0621118,0.09,1.78,2.95,2012,2.42,2010,2,3.574118859249993,33,2.15568,33,10267.3,0.651909654
ftnt,2012-09-30,4.82,7.94,0.15,0.05,0.09,0.14,0.17,0.25,0.31,0.62,1.04,1.64,2.41,2.81,0.607052897,3.617649613,20.86856783,0.09,1.78,2.95,2012,7.92,2010,2,4.854923043249992,33,2.15568,33,10267.3,0.651909654
msft,2012-09-30,24.42,2.96,0.15,0.05,0.09,0.14,0.17,0.25,0.31,0.62,1.04,1.64,2.41,2.81,8.25,-6.716118685,-0.817404427,0.09,1.78,2.95,2012,2.82,2010,2,-0.1290029770000071,33,2.15568,33,10267.3,0.651909654
sap,2012-09-30,60.58,3.57,0.15,0.05,0.09,0.14,0.17,0.25,0.31,0.62,1.04,1.64,2.41,2.81,16.96918768,0.967003223,3.577127764,0.09,1.78,2.95,2012,3.0,2010,2,0.885340077249994,33,2.15568,33,10267.3,0.651909654
vmw,2012-09-30,67.26,5.76,0.15,0.05,0.09,0.14,0.17,0.25,0.31,0.62,1.04,1.64,2.41,2.81,11.67708333,3.874196819,20.57403513,0.09,1.78,2.95,2012,5.63,2010,2,4.794252250249996,33,2.15568,33,10267.3,0.651909654
akam,2012-12-31,40.91,5.41,0.09,0.02,0.05,0.11,0.16,0.25,0.36,0.72,1.18,1.78,2.54,2.95,7.561922366,4.949837332,22.0496144,0.16,1.86,3.08,2012,5.31,2010,2,5.10965841,36,1.68406,36,10482.9,0.221803685
cdns,2012-12-31,13.51,2.84,0.09,0.02,0.05,0.11,0.16,0.25,0.36,0.72,1.18,1.78,2.54,2.95,4.757042254,2.015824551,11.60752979,0.16,1.86,3.08,2012,2.76,2010,2,2.784696244499993,36,1.68406,36,10482.9,0.221803685
ftnt,2012-12-31,4.2,6.55,0.09,0.02,0.05,0.11,0.16,0.25,0.36,0.72,1.18,1.78,2.54,2.95,0.641221374,5.628583193,21.03788781,0.16,1.86,3.08,2012,7.94,2010,2,4.891864015999992,36,1.68406,36,10482.9,0.221803685
msft,2012-12-31,22.1,2.53,0.09,0.02,0.05,0.11,0.16,0.25,0.36,0.72,1.18,1.78,2.54,2.95,8.735177866,5.880943826,3.283338095,0.16,1.86,3.08,2012,2.96,2010,2,0.9219663677499929,36,1.68406,36,10482.9,0.221803685
sap,2012-12-31,68.27,3.81,0.09,0.02,0.05,0.11,0.16,0.25,0.36,0.72,1.18,1.78,2.54,2.95,17.91863517,5.595126377,7.760180212,0.16,1.86,3.08,2012,3.57,2010,2,1.9100923349999936,36,1.68406,36,10482.9,0.221803685
vmw,2012-12-31,65.45,5.45,0.09,0.02,0.05,0.11,0.16,0.25,0.36,0.72,1.18,1.78,2.54,2.95,12.00917431,2.843954857,16.27139721,0.16,1.86,3.08,2012,5.76,2010,2,3.842813824749996,36,1.68406,36,10482.9,0.221803685
akam,2013-03-31,35.32,4.51,0.16,0.06,0.08,0.11,0.14,0.23,0.36,0.76,1.23,1.86,2.7,3.08,7.831485588,3.564744632,21.4200354,0.1,2.5,3.48,2013,5.41,2010,3,4.97540917525,39,1.13881,39,10586.3,0.265194207
cdns,2013-03-31,13.93,2.89,0.16,0.06,0.08,0.11,0.14,0.23,0.36,0.76,1.23,1.86,2.7,3.08,4.820069204,1.324918873,9.510018236,0.1,2.5,3.48,2013,2.84,2010,3,2.299511893499993,39,1.13881,39,10586.3,0.265194207
ftnt,2013-03-31,4.74,7.15,0.16,0.06,0.08,0.11,0.14,0.23,0.36,0.76,1.23,1.86,2.7,3.08,0.662937063,3.386613387,19.04095904,0.1,2.5,3.48,2013,6.55,2010,3,4.458282784999992,39,1.13881,39,10586.3,0.265194207
msft,2013-03-31,23.87,2.66,0.16,0.06,0.08,0.11,0.14,0.23,0.36,0.76,1.23,1.86,2.7,3.08,8.973684211,2.730412003,4.441041348,0.1,2.5,3.48,2013,2.53,2010,3,1.206651704499993,39,1.13881,39,10586.3,0.265194207
sap,2013-03-31,68.4,3.75,0.16,0.06,0.08,0.11,0.14,0.23,0.36,0.76,1.23,1.86,2.7,3.08,18.24,1.793467116,10.09562564,0.1,2.5,3.48,2013,3.81,2010,3,2.449925515499994,39,1.13881,39,10586.3,0.265194207
vmw,2013-03-31,54.84,4.45,0.16,0.06,0.08,0.11,0.14,0.23,0.36,0.76,1.23,1.86,2.7,3.08,12.32359551,2.618174951,14.05478175,0.1,2.5,3.48,2013,5.45,2010,3,3.3442265902499964,39,1.13881,39,10586.3,0.265194207
akam,2013-06-30,42.55,5.25,0.1,0.01,0.04,0.09,0.15,0.34,0.65,1.39,1.93,2.5,3.19,3.48,8.104761905,3.489456938,18.95493063,0.06,2.64,3.69,2013,4.51,2010,3,4.43925579225,42,1.88547,42,10718.4,0.371768099
cdns,2013-06-30,14.48,2.97,0.1,0.01,0.04,0.09,0.15,0.34,0.65,1.39,1.93,2.5,3.19,3.48,4.875420875,1.148358435,7.356856401,0.06,2.64,3.69,2013,2.89,2010,3,1.792351027499993,42,1.88547,42,10718.4,0.371768099
ftnt,2013-06-30,3.5,5.13,0.1,0.01,0.04,0.09,0.15,0.34,0.65,1.39,1.93,2.5,3.19,3.48,0.682261209,2.914929142,16.45493043,0.06,2.64,3.69,2013,7.15,2010,3,3.8869438337499913,42,1.88547,42,10718.4,0.371768099
msft,2013-06-30,29.02,3.15,0.1,0.01,0.04,0.09,0.15,0.34,0.65,1.39,1.93,2.5,3.19,3.48,9.212698413,2.663501373,4.169244282,0.06,2.64,3.69,2013,2.66,2010,3,1.139684629249993,42,1.88547,42,10718.4,0.371768099
sap,2013-06-30,62.53,3.39,0.1,0.01,0.04,0.09,0.15,0.34,0.65,1.39,1.93,2.5,3.19,3.48,18.44542773,1.126248512,9.750660821,0.06,2.64,3.69,2013,3.75,2010,3,2.370461306999994,42,1.88547,42,10718.4,0.371768099
vmw,2013-06-30,46.57,3.69,0.1,0.01,0.04,0.09,0.15,0.34,0.65,1.39,1.93,2.5,3.19,3.48,12.62059621,2.410016624,12.2672723,0.06,2.64,3.69,2013,4.45,2010,3,2.936585812749996,42,1.88547,42,10718.4,0.371768099
akam,2013-09-30,51.7,6.18,0.06,0.03,0.02,0.04,0.1,0.33,0.63,1.39,2.02,2.64,3.41,3.69,8.365695793,3.219513308,16.1051873,0.07,3.04,3.96,2013,5.25,2010,3,3.8058880525,45,0.8768,45,10961.6,1.147897981
cdns,2013-09-30,13.51,2.75,0.06,0.03,0.02,0.04,0.1,0.33,0.63,1.39,2.02,2.64,3.41,3.69,4.912727273,0.76519337,5.354524264,0.07,3.04,3.96,2013,2.97,2010,3,1.313573807249993,45,0.8768,45,10961.6,1.147897981
ftnt,2013-09-30,4.05,5.77,0.06,0.03,0.02,0.04,0.1,0.33,0.63,1.39,2.02,2.64,3.41,3.69,0.701906412,2.8794256,15.6252472,0.07,3.04,3.96,2013,5.13,2010,3,3.7023878304999913,45,0.8768,45,10961.6,1.147897981
msft,2013-09-30,28.16,3.21,0.06,0.03,0.02,0.04,0.1,0.33,0.63,1.39,2.02,2.64,3.41,3.69,8.77258567,-4.777240318,6.334371755,0.07,3.04,3.96,2013,3.15,2010,3,1.6244042209999927,45,0.8768,45,10961.6,1.147897981
qlys,2013-09-30,21.39,6.75,0.06,0.03,0.02,0.04,0.1,0.33,0.63,1.39,2.02,2.64,3.41,3.69,3.168888889,-3.478632479,-32.41494036,0.07,3.04,3.96,2013,4.91,2012,1,-9.232028597750006,45,0.8768,45,10961.6,1.147897981
sap,2013-09-30,63.47,3.61,0.06,0.03,0.02,0.04,0.1,0.33,0.63,1.39,2.02,2.64,3.41,3.69,17.58171745,-4.682516935,3.609658801,0.07,3.04,3.96,2013,3.39,2010,3,0.958081267499994,45,0.8768,45,10961.6,1.147897981
vmw,2013-09-30,56.24,4.33,0.06,0.03,0.02,0.04,0.1,0.33,0.63,1.39,2.02,2.64,3.41,3.69,12.98845266,2.914731158,11.23028144,0.07,3.04,3.96,2013,3.69,2010,3,2.6967193974999963,45,0.8768,45,10961.6,1.147897981
akam,2013-12-31,47.18,5.43,0.07,0.01,0.07,0.1,0.13,0.38,0.78,1.75,2.45,3.04,3.72,3.96,8.688766114,3.861846394,14.9015514,0.06,2.73,3.56,2013,6.18,2010,3,3.533890318,48,1.55776,48,11080.8,0.415043045
cdns,2013-12-31,14.02,2.83,0.07,0.01,0.07,0.1,0.13,0.38,0.78,1.75,2.45,3.04,3.72,3.96,4.954063604,0.841413114,4.141677543,0.06,2.73,3.56,2013,2.75,2010,3,1.019970947999993,48,1.55776,48,11080.8,0.415043045
ftnt,2013-12-31,3.83,5.23,0.07,0.01,0.07,0.1,0.13,0.38,0.78,1.75,2.45,3.04,3.72,3.96,0.732313576,4.332082242,14.20604571,0.06,2.73,3.56,2013,5.77,2010,3,3.378262592749992,48,1.55776,48,11080.8,0.415043045
msft,2013-12-31,31.89,3.11,0.07,0.01,0.07,0.1,0.13,0.38,0.78,1.75,2.45,3.04,3.72,3.96,10.25401929,16.88708071,17.38764168,0.06,2.73,3.56,2013,3.21,2010,3,4.375938441999993,48,1.55776,48,11080.8,0.415043045
qlys,2013-12-31,23.11,7.44,0.07,0.01,0.07,0.1,0.13,0.38,0.78,1.75,2.45,3.04,3.72,3.96,3.106182796,-1.978803782,-28.38347983,0.06,2.73,3.56,2013,6.75,2012,1,-7.852568302750006,48,1.55776,48,11080.8,0.415043045
sap,2013-12-31,74.82,3.72,0.07,0.01,0.07,0.1,0.13,0.38,0.78,1.75,2.45,3.04,3.72,3.96,20.11290323,14.39669237,12.24573208,0.06,2.73,3.56,2013,3.61,2010,3,3.158472765749994,48,1.55776,48,11080.8,0.415043045
vmw,2013-12-31,62.37,4.81,0.07,0.01,0.07,0.1,0.13,0.38,0.78,1.75,2.45,3.04,3.72,3.96,12.96673597,-0.167199972,7.973584444,0.06,2.73,3.56,2013,4.33,2010,3,1.9439306902499964,48,1.55776,48,11080.8,0.415043045
akam,2014-03-31,58.21,6.36,0.06,0.03,0.05,0.07,0.13,0.44,0.9,1.73,2.3,2.73,3.31,3.56,9.152515723,5.337347133,16.86819341,0.09,2.53,3.34,2014,5.43,2010,4,3.97704094325,51,2.01513,51,11257.7,0.442537094
cdns,2014-03-31,15.54,3.11,0.06,0.03,0.05,0.07,0.13,0.44,0.9,1.73,2.3,2.73,3.31,3.56,4.996784566,0.862341808,3.666241174,0.09,2.53,3.34,2014,2.83,2010,4,0.9043266817499928,51,2.01513,51,11257.7,0.442537094
ftnt,2014-03-31,4.41,5.72,0.06,0.03,0.05,0.07,0.13,0.44,0.9,1.73,2.3,2.73,3.31,3.56,0.770979021,5.279902865,16.29746835,0.09,2.53,3.34,2014,5.23,2010,4,3.851584962249992,51,2.01513,51,11257.7,0.442537094
msft,2014-03-31,35.21,3.47,0.06,0.03,0.05,0.07,0.13,0.44,0.9,1.73,2.3,2.73,3.31,3.56,10.14697406,-1.043934346,13.07478428,0.09,2.53,3.34,2014,3.11,2010,4,3.4323518547499927,51,2.01513,51,11257.7,0.442537094
now,2014-03-31,59.92,17.25,0.06,0.03,0.05,0.07,0.13,0.44,0.9,1.73,2.3,2.73,3.31,3.56,3.473623188,10.0197739,-18.62893746,0.09,2.53,3.34,2014,17.74,2013,1,-3.5094004982500078,51,2.01513,51,11257.7,0.442537094
qlys,2014-03-31,25.43,7.83,0.06,0.03,0.05,0.07,0.13,0.44,0.9,1.73,2.3,2.73,3.31,3.56,3.247765006,4.558077229,-15.77918946,0.07,2.52,3.21,2014,7.44,2012,2,-3.940588718000005,51,2.01513,51,11257.7,0.442537094
sap,2014-03-31,69.81,3.51,0.06,0.03,0.05,0.07,0.13,0.44,0.9,1.73,2.3,2.73,3.31,3.56,19.88888889,-1.113784193,9.039961014,0.09,2.53,3.34,2014,3.72,2010,4,2.431659938499993,51,2.01513,51,11257.7,0.442537094
vmw,2014-03-31,75.1,5.62,0.06,0.03,0.05,0.07,0.13,0.44,0.9,1.73,2.3,2.73,3.31,3.56,13.36298932,3.055922154,8.43417668,0.09,2.53,3.34,2014,4.81,2010,4,2.0533674909999964,51,2.01513,51,11257.7,0.442537094
akam,2014-06-30,61.06,6.3,0.09,0.02,0.04,0.07,0.11,0.47,0.88,1.62,2.13,2.53,3.08,3.34,9.692063492,5.89507612,19.58480219,0.07,2.52,3.21,2014,6.36,2010,4,4.578445738749999,54,1.97424,54,11429.9,0.483520734
cdns,2014-06-30,17.49,3.49,0.09,0.02,0.04,0.07,0.11,0.47,0.88,1.62,2.13,2.53,3.08,3.34,5.011461318,0.293723933,2.790332283,0.07,2.52,3.21,2014,3.11,2010,4,0.690668056249993,54,1.97424,54,11429.9,0.483520734
ftnt,2014-06-30,5.03,6.17,0.09,0.02,0.04,0.07,0.11,0.47,0.88,1.62,2.13,2.53,3.08,3.34,0.815235008,5.740232344,19.49015976,0.07,2.52,3.21,2014,5.72,2010,4,4.557910762749992,54,1.97424,54,11429.9,0.483520734
msft,2014-06-30,36.06,3.44,0.09,0.02,0.04,0.07,0.11,0.47,0.88,1.62,2.13,2.53,3.08,3.34,10.48255814,3.307233014,13.78379786,0.07,2.52,3.21,2014,3.47,2010,4,3.593284764999993,54,1.97424,54,11429.9,0.483520734
now,2014-06-30,61.96,16.02,0.09,0.02,0.04,0.07,0.11,0.47,0.88,1.62,2.13,2.53,3.08,3.34,3.867665418,11.34383923,29.56056724,0.07,2.52,3.21,2014,17.25,2013,1,6.844066954249993,54,1.97424,54,11429.9,0.483520734
sap,2014-06-30,67.33,3.37,0.09,0.02,0.04,0.07,0.11,0.47,0.88,1.62,2.13,2.53,3.08,3.34,19.97922849,0.454221441,8.315343946,0.07,2.52,3.21,2014,3.51,2010,4,2.263653170749994,54,1.97424,54,11429.9,0.483520734
vmw,2014-06-30,67.3,4.87,0.09,0.02,0.04,0.07,0.11,0.47,0.88,1.62,2.13,2.53,3.08,3.34,13.81930185,3.41474885,9.498011207,0.07,2.52,3.21,2014,5.62,2010,4,2.3045505474999963,54,1.97424,54,11429.9,0.483520734
akam,2014-09-30,59.8,5.82,0.07,0.02,0.02,0.03,0.13,0.58,1.07,1.78,2.22,2.52,2.98,3.21,10.27491409,6.013689425,22.82199047,0.06,2.17,2.75,2014,6.3,2010,4,5.276989768,57,1.60954,57,11566.0,0.575662185
cdns,2014-09-30,17.21,3.4,0.07,0.02,0.02,0.03,0.13,0.58,1.07,1.78,2.22,2.52,2.98,3.21,5.061764706,1.003766858,3.033700527,0.06,2.17,2.75,2014,3.49,2010,4,0.750311428249993,57,1.60954,57,11566.0,0.575662185
ftnt,2014-09-30,5.05,5.89,0.07,0.02,0.02,0.03,0.13,0.58,1.07,1.78,2.22,2.52,2.98,3.21,0.857385399,5.170336217,22.15095684,0.06,2.17,2.75,2014,6.17,2010,4,5.130638416999991,57,1.60954,57,11566.0,0.575662185
msft,2014-09-30,40.34,3.69,0.07,0.02,0.02,0.03,0.13,0.58,1.07,1.78,2.22,2.52,2.98,3.21,10.93224932,4.28989925,24.61832502,0.06,2.17,2.75,2014,3.44,2010,4,5.860069656999993,57,1.60954,57,11566.0,0.575662185
now,2014-09-30,58.78,13.74,0.07,0.02,0.02,0.03,0.13,0.58,1.07,1.78,2.22,2.52,2.98,3.21,4.278020378,10.60988777,31.67573792,0.06,2.17,2.75,2014,16.02,2013,1,7.288261904999993,57,1.60954,57,11566.0,0.575662185
qlys,2014-09-30,26.6,7.75,0.07,0.02,0.02,0.03,0.13,0.58,1.07,1.78,2.22,2.52,2.98,3.21,3.432258065,5.680615986,4.543344273,0.06,2.17,2.75,2014,7.83,2012,2,1.1953142384999944,57,1.60954,57,11566.0,0.575662185
sap,2014-09-30,63.09,3.12,0.07,0.02,0.02,0.03,0.13,0.58,1.07,1.78,2.22,2.52,2.98,3.21,20.22115385,1.210884393,15.01239229,0.06,2.17,2.75,2014,3.37,2010,4,3.7370035027499937,57,1.60954,57,11566.0,0.575662185
vmw,2014-09-30,65.24,4.55,0.07,0.02,0.02,0.03,0.13,0.58,1.07,1.78,2.22,2.52,2.98,3.21,14.33846154,3.756772203,10.39391618,0.06,2.17,2.75,2014,4.87,2010,4,2.5150608087499964,57,1.60954,57,11566.0,0.575662185
akam,2014-12-31,62.96,5.81,0.06,0.03,0.04,0.12,0.25,0.67,1.1,1.65,1.97,2.17,2.47,2.75,10.83648881,5.465493124,24.71838544,0.06,1.94,2.54,2014,5.82,2010,4,5.677901450499999,60,-0.22993,60,11745.6,0.519473851
cdns,2014-12-31,18.97,3.67,0.06,0.03,0.04,0.12,0.25,0.67,1.1,1.65,1.97,2.17,2.47,2.75,5.16893733,2.117297623,4.337322704,0.06,1.94,2.54,2014,3.4,2010,4,1.069282555499993,60,-0.22993,60,11745.6,0.519473851
ftnt,2014-12-31,6.13,6.72,0.06,0.03,0.04,0.12,0.25,0.67,1.1,1.65,1.97,2.17,2.47,2.75,0.912202381,6.393505422,24.56445045,0.06,1.94,2.54,2014,5.89,2010,4,5.645994211999992,60,-0.22993,60,11745.6,0.519473851
msft,2014-12-31,40.68,3.63,0.06,0.03,0.04,0.12,0.25,0.67,1.1,1.65,1.97,2.17,2.47,2.75,11.20661157,2.509659629,9.289940368,0.06,1.94,2.54,2014,3.69,2010,4,2.265714386749993,60,-0.22993,60,11745.6,0.519473851
now,2014-12-31,67.85,14.38,0.06,0.03,0.04,0.12,0.25,0.67,1.1,1.65,1.97,2.17,2.47,2.75,4.718358832,10.29304244,49.44418082,0.06,1.94,2.54,2014,13.74,2013,1,10.566635834999992,60,-0.22993,60,11745.6,0.519473851
qlys,2014-12-31,37.75,10.34,0.06,0.03,0.04,0.12,0.25,0.67,1.1,1.65,1.97,2.17,2.47,2.75,3.650870406,6.369344541,15.20979543,0.06,1.94,2.54,2014,7.75,2012,2,3.657308493499994,60,-0.22993,60,11745.6,0.519473851
sap,2014-12-31,60.9,3.12,0.06,0.03,0.04,0.12,0.25,0.67,1.1,1.65,1.97,2.17,2.47,2.75,19.51923077,-3.471231574,-2.951699463,0.06,1.94,2.54,2014,3.12,2010,4,-0.7299774832500062,60,-0.22993,60,11745.6,0.519473851
vmw,2014-12-31,57.37,3.75,0.06,0.03,0.04,0.12,0.25,0.67,1.1,1.65,1.97,2.17,2.47,2.75,15.29866667,6.696709585,17.98394527,0.06,1.94,2.54,2014,4.55,2010,4,4.231038197999997,60,-0.22993,60,11745.6,0.519473851
akam,2015-03-31,71.05,6.31,0.06,0.05,0.03,0.14,0.26,0.56,0.89,1.37,1.71,1.94,2.31,2.54,11.25990491,3.907318208,23.02524523,0.08,2.35,3.11,2015,5.81,2010,5,5.32039421925,63,-0.10403,63,11928.9,0.354174378
cdns,2015-03-31,18.44,3.53,0.06,0.05,0.03,0.14,0.26,0.56,0.89,1.37,1.71,1.94,2.31,2.54,5.223796034,1.061314943,4.543151002,0.08,2.35,3.11,2015,3.67,2010,5,1.119025839249993,63,-0.10403,63,11928.9,0.354174378
ftnt,2015-03-31,6.99,7.31,0.06,0.05,0.03,0.14,0.26,0.56,0.89,1.37,1.71,1.94,2.31,2.54,0.95622435,4.825899403,24.02728533,0.08,2.35,3.11,2015,6.72,2010,5,5.532493346499992,63,-0.10403,63,11928.9,0.354174378
msft,2015-03-31,35.86,3.15,0.06,0.05,0.03,0.14,0.26,0.56,0.89,1.37,1.71,1.94,2.31,2.54,11.38412698,1.584023973,12.19233353,0.08,2.35,3.11,2015,3.63,2010,5,2.922703966499993,63,-0.10403,63,11928.9,0.354174378
now,2015-03-31,78.78,15.34,0.06,0.05,0.03,0.14,0.26,0.56,0.89,1.37,1.71,1.94,2.31,2.54,5.13559322,8.842786306,47.84543233,0.08,2.35,3.11,2015,14.38,2013,2,10.272388936499992,63,-0.10403,63,11928.9,0.354174378
qlys,2015-03-31,46.48,12.15,0.06,0.05,0.03,0.14,0.26,0.56,0.89,1.37,1.71,1.94,2.31,2.54,3.825514403,4.783626305,23.15805781,0.08,2.35,3.11,2015,10.34,2012,3,5.347916015249995,63,-0.10403,63,11928.9,0.354174378
sap,2015-03-31,63.1,3.23,0.06,0.05,0.03,0.14,0.26,0.56,0.89,1.37,1.71,1.94,2.31,2.54,19.53560372,0.083881102,-1.77629417,0.08,2.35,3.11,2015,3.12,2010,5,-0.4305611595000062,63,-0.10403,63,11928.9,0.354174378
vmw,2015-03-31,57.02,3.64,0.06,0.05,0.03,0.14,0.26,0.56,0.89,1.37,1.71,1.94,2.31,2.54,15.66483516,2.393466739,17.22553079,0.08,2.35,3.11,2015,3.75,2010,5,4.065424344249997,63,-0.10403,63,11928.9,0.354174378
akam,2015-06-30,69.82,6.01,0.08,0.02,0.01,0.11,0.28,0.64,1.01,1.63,2.07,2.35,2.83,3.11,11.61730449,3.174090567,19.8640981,0.07,2.06,2.87,2015,6.31,2010,5,4.640147831,66,0.22569,66,12051.3,0.413274786
cdns,2015-06-30,19.66,3.7,0.08,0.02,0.01,0.11,0.28,0.64,1.01,1.63,2.07,2.35,2.83,3.11,5.313513514,1.717476696,6.027227914,0.07,2.06,2.87,2015,3.53,2010,5,1.474964029999993,66,0.22569,66,12051.3,0.413274786
ftnt,2015-06-30,8.27,8.19,0.08,0.02,0.01,0.11,0.28,0.64,1.01,1.63,2.07,2.35,2.83,3.11,1.00976801,5.599487145,23.86219921,0.07,2.06,2.87,2015,7.31,2010,5,5.497307046749992,66,0.22569,66,12051.3,0.413274786
msft,2015-06-30,39.19,3.47,0.08,0.02,0.01,0.11,0.28,0.64,1.01,1.63,2.07,2.35,2.83,3.11,11.29394813,-0.792145568,7.740381465,0.07,2.06,2.87,2015,3.15,2010,5,1.8978593209999928,66,0.22569,66,12051.3,0.413274786
now,2015-06-30,74.31,13.32,0.08,0.02,0.01,0.11,0.28,0.64,1.01,1.63,2.07,2.35,2.83,3.11,5.578828829,8.630660363,44.24279832,0.07,2.06,2.87,2015,15.34,2013,2,9.594094219749994,66,0.22569,66,12051.3,0.413274786
qlys,2015-06-30,40.35,10.27,0.08,0.02,0.01,0.11,0.28,0.64,1.01,1.63,2.07,2.35,2.83,3.11,3.928919182,2.703029394,20.97301296,0.07,2.06,2.87,2015,12.15,2012,3,4.884154056499995,66,0.22569,66,12051.3,0.413274786
rng,2015-06-30,18.49,4.95,0.08,0.02,0.01,0.11,0.28,0.64,1.01,1.63,2.07,2.35,2.83,3.11,3.735353535,6.724386724,-19.26896193,0.07,2.06,2.87,2015,4.38,2014,1,-4.552562951250007,66,0.22569,66,12051.3,0.413274786
sap,2015-06-30,62.4,3.23,0.08,0.02,0.01,0.11,0.28,0.64,1.01,1.63,2.07,2.35,2.83,3.11,19.31888545,-1.109350238,-3.305147835,0.07,2.06,2.87,2015,3.23,2010,5,-0.8214540792500062,66,0.22569,66,12051.3,0.413274786
vmw,2015-06-30,59.61,3.75,0.08,0.02,0.01,0.11,0.28,0.64,1.01,1.63,2.07,2.35,2.83,3.11,15.896,1.475692739,15.02751857,0.07,2.06,2.87,2015,3.64,2010,5,3.580660316499997,66,0.22569,66,12051.3,0.413274786
akam,2015-09-30,69.06,5.79,0.07,0.0,0.0,0.08,0.33,0.64,0.92,1.37,1.75,2.06,2.51,2.87,11.92746114,2.669781511,16.08331745,0.2,2.27,3.01,2015,6.01,2010,5,3.8041708525,69,0.12762,69,12195.9,0.288632327
cdns,2015-09-30,20.68,3.82,0.07,0.0,0.0,0.08,0.33,0.64,0.92,1.37,1.75,2.06,2.51,2.87,5.413612565,1.883858048,6.951090776,0.2,2.27,3.01,2015,3.7,2010,5,1.6949868274999929,69,0.12762,69,12195.9,0.288632327
ftnt,2015-09-30,8.5,7.91,0.07,0.0,0.0,0.08,0.33,0.64,0.92,1.37,1.75,2.06,2.51,2.87,1.074589128,6.419406962,25.33326658,0.2,2.27,3.01,2015,8.19,2010,5,5.809574732999991,69,0.12762,69,12195.9,0.288632327
msft,2015-09-30,39.49,3.58,0.07,0.0,0.0,0.08,0.33,0.64,0.92,1.37,1.75,2.06,2.51,2.87,11.03072626,-2.330645288,0.90079298,0.2,2.27,3.01,2015,3.47,2010,5,0.242723186499993,69,0.12762,69,12195.9,0.288632327
now,2015-09-30,69.45,11.53,0.07,0.0,0.0,0.08,0.33,0.64,0.92,1.37,1.75,2.06,2.51,2.87,6.023417173,7.969205677,40.7991697,0.2,2.27,3.01,2015,13.32,2013,2,8.933923696499994,69,0.12762,69,12195.9,0.288632327
pcty,2015-09-30,29.99,9.14,0.07,0.0,0.0,0.08,0.33,0.64,0.92,1.37,1.75,2.06,2.51,2.87,3.281181619,8.640518328,1.19063925,0.25,1.78,2.61,2015,11.87,2014,1,0.617839958249994,69,0.12762,69,12195.9,0.288632327
qlys,2015-09-30,28.46,6.91,0.07,0.0,0.0,0.08,0.33,0.64,0.92,1.37,1.75,2.06,2.51,2.87,4.118668596,4.82955758,19.99880309,0.2,2.27,3.01,2015,10.27,2012,3,4.671389454999995,69,0.12762,69,12195.9,0.288632327
rng,2015-09-30,18.15,4.56,0.07,0.0,0.0,0.08,0.33,0.64,0.92,1.37,1.75,2.06,2.51,2.87,3.980263158,6.556531269,6.161228208,0.2,2.27,3.01,2015,4.95,2014,1,1.828657613499994,69,0.12762,69,12195.9,0.288632327
sap,2015-09-30,57.57,2.99,0.07,0.0,0.0,0.08,0.33,0.64,0.92,1.37,1.75,2.06,2.51,2.87,19.2541806,-0.334930538,-4.781988464,0.2,2.27,3.01,2015,3.23,2010,5,-1.2079078120000062,69,0.12762,69,12195.9,0.288632327
vmw,2015-09-30,54.78,3.35,0.07,0.0,0.0,0.08,0.33,0.64,0.92,1.37,1.75,2.06,2.51,2.87,16.35223881,2.870148503,14.04458395,0.2,2.27,3.01,2015,3.75,2010,5,3.3590043914999965,69,0.12762,69,12195.9,0.288632327
wix,2015-09-30,17.42,3.89,0.07,0.0,0.0,0.08,0.33,0.64,0.92,1.37,1.75,2.06,2.51,2.87,4.4781491,14.89239436,12.09994483,0.2,2.27,3.01,2015,6.06,2014,1,3.2183514902499963,69,0.12762,69,12195.9,0.288632327
akam,2015-12-31,52.63,4.32,0.2,0.14,0.16,0.49,0.65,1.06,1.31,1.76,2.09,2.27,2.67,3.01,12.18287037,2.141354539,12.42451851,0.25,1.78,2.61,2015,5.79,2010,5,2.97313620625,72,1.2375,72,12469.9,0.997019471
cdns,2015-12-31,20.81,3.57,0.2,0.14,0.16,0.49,0.65,1.06,1.31,1.76,2.09,2.27,2.67,3.01,5.829131653,7.67544929,12.77234141,0.25,1.78,2.61,2015,3.82,2010,5,3.084524744249993,72,1.2375,72,12469.9,0.997019471
ftnt,2015-12-31,6.23,5.44,0.2,0.14,0.16,0.49,0.65,1.06,1.31,1.76,2.09,2.27,2.67,3.01,1.145220588,6.572880623,25.54457346,0.25,1.78,2.61,2015,7.91,2010,5,5.8544185332499925,72,1.2375,72,12469.9,0.997019471
msft,2015-12-31,49.91,4.62,0.2,0.14,0.16,0.49,0.65,1.06,1.31,1.76,2.09,2.27,2.67,3.01,10.8030303,-2.064197303,-3.601278269,0.25,1.78,2.61,2015,3.58,2010,5,-0.900741046500007,72,1.2375,72,12469.9,0.997019471
now,2015-12-31,86.56,13.33,0.2,0.14,0.16,0.49,0.65,1.06,1.31,1.76,2.09,2.27,2.67,3.01,6.493623406,7.806303628,37.62461986,0.25,1.78,2.61,2015,11.53,2013,2,8.312238993499992,72,1.2375,72,12469.9,0.997019471
payc,2015-12-31,37.63,9.68,0.2,0.14,0.16,0.49,0.65,1.06,1.31,1.76,2.09,2.27,2.67,3.01,3.887396694,7.604352939,3.791867681,0.3,1.49,2.3,2015,9.94,2014,1,1.378153307499994,72,1.2375,72,12469.9,0.997019471
qlys,2015-12-31,33.09,7.69,0.2,0.14,0.16,0.49,0.65,1.06,1.31,1.76,2.09,2.27,2.67,3.01,4.302990897,4.475288476,17.86205531,0.29,1.6,2.32,2015,6.91,2012,3,4.197875438749994,72,1.2375,72,12469.9,0.997019471
qtwo,2015-12-31,26.37,8.94,0.2,0.14,0.16,0.49,0.65,1.06,1.31,1.76,2.09,2.27,2.67,3.01,2.94966443,2.140483482,-5.591950584,0.25,1.78,2.61,2015,8.56,2014,1,-0.992736257500006,72,1.2375,72,12469.9,0.997019471
rng,2015-12-31,23.58,5.55,0.2,0.14,0.16,0.49,0.65,1.06,1.31,1.76,2.09,2.27,2.67,3.01,4.248648649,6.742908197,28.42765017,0.25,1.78,2.61,2015,4.56,2014,1,6.455353330249993,72,1.2375,72,12469.9,0.997019471
sap,2015-12-31,70.28,3.65,0.2,0.14,0.16,0.49,0.65,1.06,1.31,1.76,2.09,2.27,2.67,3.01,19.25479452,0.003188495,-1.354747284,0.25,1.78,2.61,2015,2.99,2010,5,-0.3393027947500061,72,1.2375,72,12469.9,0.997019471
twou,2015-12-31,27.98,7.76,0.2,0.14,0.16,0.49,0.65,1.06,1.31,1.76,2.09,2.27,2.67,3.01,3.605670103,1.64173104,-36.90994326,0.25,1.78,2.61,2015,10.12,2014,1,-7.702283157500004,72,1.2375,72,12469.9,0.997019471
vmw,2015-12-31,39.33,2.42,0.2,0.14,0.16,0.49,0.65,1.06,1.31,1.76,2.09,2.27,2.67,3.01,16.25206612,-0.612593122,6.231912034,0.25,1.78,2.61,2015,3.35,2010,5,1.5316787147499964,72,1.2375,72,12469.9,0.997019471
wix,2015-12-31,22.75,4.56,0.2,0.14,0.16,0.49,0.65,1.06,1.31,1.76,2.09,2.27,2.67,3.01,4.989035088,11.40841843,31.01246375,0.25,1.78,2.61,2015,3.89,2014,1,7.238987696499997,72,1.2375,72,12469.9,0.997019471
akam,2016-03-31,55.57,4.46,0.25,0.18,0.21,0.39,0.59,0.73,0.87,1.21,1.54,1.78,2.2,2.61,12.45964126,2.27180358,10.65494204,0.3,1.49,2.3,2016,4.32,2010,6,2.56425754925,75,1.17263,75,12700.4,0.663406437
cdns,2016-03-31,23.58,3.94,0.25,0.18,0.21,0.39,0.59,0.73,0.87,1.21,1.54,1.78,2.2,2.61,5.984771574,2.670036126,14.56748186,0.3,1.49,2.3,2016,3.57,2010,6,3.4867050399999933,75,1.17263,75,12700.4,0.663406437
fivn,2016-03-31,8.89,3.29,0.25,0.18,0.21,0.39,0.59,0.73,0.87,1.21,1.54,1.78,2.2,2.61,2.70212766,4.668623135,11.29266799,0.3,1.49,2.3,2016,3.37,2015,1,2.7345514152499915,75,1.17263,75,12700.4,0.663406437
ftnt,2016-03-31,6.13,4.99,0.25,0.18,0.21,0.39,0.59,0.73,0.87,1.21,1.54,1.78,2.2,2.61,1.228456914,7.268147853,28.46952847,0.3,1.49,2.3,2016,5.44,2010,6,6.464980645749992,75,1.17263,75,12700.4,0.663406437
msft,2016-03-31,50.03,4.66,0.25,0.18,0.21,0.39,0.59,0.73,0.87,1.21,1.54,1.78,2.2,2.61,10.7360515,-0.62000012,-5.692799131,0.3,1.49,2.3,2016,4.62,2010,6,-1.451747069750007,75,1.17263,75,12700.4,0.663406437
now,2016-03-31,61.18,8.76,0.25,0.18,0.21,0.39,0.59,0.73,0.87,1.21,1.54,1.78,2.2,2.61,6.984018265,7.551944859,35.99243486,0.3,1.49,2.3,2016,13.33,2013,3,7.989528631749993,75,1.17263,75,12700.4,0.663406437
pcty,2016-03-31,32.74,8.37,0.25,0.18,0.21,0.39,0.59,0.73,0.87,1.21,1.54,1.78,2.2,2.61,3.911589008,19.21281606,37.2277109,0.3,1.49,2.3,2016,9.14,2014,2,8.444394750749995,75,1.17263,75,12700.4,0.663406437
qtwo,2016-03-31,24.04,7.67,0.25,0.18,0.21,0.39,0.59,0.73,0.87,1.21,1.54,1.78,2.2,2.61,3.134289439,6.259186909,19.94513512,0.3,1.49,2.3,2016,8.94,2014,2,4.663078712249994,75,1.17263,75,12700.4,0.663406437
rng,2016-03-31,15.75,3.5,0.25,0.18,0.21,0.39,0.59,0.73,0.87,1.21,1.54,1.78,2.2,2.61,4.5,5.916030534,28.57142857,0.3,1.49,2.3,2016,5.55,2014,2,6.484964180999993,75,1.17263,75,12700.4,0.663406437
sap,2016-03-31,71.45,3.68,0.25,0.18,0.21,0.39,0.59,0.73,0.87,1.21,1.54,1.78,2.2,2.61,19.41576087,0.835980612,-0.613458623,0.3,1.49,2.3,2016,3.65,2010,6,-0.1512779172500061,75,1.17263,75,12700.4,0.663406437
twou,2016-03-31,22.6,5.96,0.25,0.18,0.21,0.39,0.59,0.73,0.87,1.21,1.54,1.78,2.2,2.61,3.791946309,5.166202129,20.81455206,0.3,1.49,2.3,2016,7.76,2014,2,4.859667864749996,75,1.17263,75,12700.4,0.663406437
vmw,2016-03-31,36.37,2.2,0.25,0.18,0.21,0.39,0.59,0.73,0.87,1.21,1.54,1.78,2.2,2.61,16.53181818,1.721332316,5.534581168,0.3,1.49,2.3,2016,2.42,2010,6,1.3636451089999964,75,1.17263,75,12700.4,0.663406437
wix,2016-03-31,20.27,3.66,0.25,0.18,0.21,0.39,0.59,0.73,0.87,1.21,1.54,1.78,2.2,2.61,5.538251366,11.00846694,52.00369903,0.3,1.49,2.3,2016,4.56,2014,2,11.071468193499996,75,1.17263,75,12700.4,0.663406437
akam,2016-06-30,55.93,4.4,0.3,0.2,0.26,0.36,0.45,0.58,0.71,1.01,1.29,1.49,1.86,2.3,12.71136364,2.020301994,9.417495638,0.29,1.6,2.32,2016,4.46,2010,6,2.275810406,78,0.86836,78,12887.7,0.454424993
cdns,2016-06-30,24.3,3.96,0.3,0.2,0.26,0.36,0.45,0.58,0.71,1.01,1.29,1.49,1.86,2.3,6.136363636,2.53296322,15.48598909,0.29,1.6,2.32,2016,3.94,2010,6,3.690576670999993,78,0.86836,78,12887.7,0.454424993
fivn,2016-06-30,11.9,4.18,0.3,0.2,0.26,0.36,0.45,0.58,0.71,1.01,1.29,1.49,1.86,2.3,2.846889952,5.357344686,13.7667304,0.29,1.6,2.32,2016,3.29,2015,1,3.307347708499992,78,0.86836,78,12887.7,0.454424993
ftnt,2016-06-30,6.32,4.8,0.3,0.2,0.26,0.36,0.45,0.58,0.71,1.01,1.29,1.49,1.86,2.3,1.316666667,7.180532898,30.3929867,0.29,1.6,2.32,2016,4.99,2010,6,6.860242083999991,78,0.86836,78,12887.7,0.454424993
msft,2016-06-30,46.69,4.11,0.3,0.2,0.26,0.36,0.45,0.58,0.71,1.01,1.29,1.49,1.86,2.3,11.36009732,5.812619484,0.585704805,0.29,1.6,2.32,2016,4.66,2010,6,0.1994441932499928,78,0.86836,78,12887.7,0.454424993
newr,2016-06-30,29.38,7.13,0.3,0.2,0.26,0.36,0.45,0.58,0.71,1.01,1.29,1.49,1.86,2.3,4.120617111,9.651390909,-11.12394467,0.66,2.45,3.04,2016,6.94,2015,1,-2.6550772767500077,78,0.86836,78,12887.7,0.454424993
now,2016-06-30,66.4,8.89,0.3,0.2,0.26,0.36,0.45,0.58,0.71,1.01,1.29,1.49,1.86,2.3,7.469066367,6.945115025,33.88233617,0.29,1.6,2.32,2016,8.76,2013,3,7.568142297249992,78,0.86836,78,12887.7,0.454424993
payc,2016-06-30,43.21,10.36,0.3,0.2,0.26,0.36,0.45,0.58,0.71,1.01,1.29,1.49,1.86,2.3,4.170849421,7.291582232,2.775141687,0.29,1.6,2.32,2016,9.68,2014,2,1.1128018352499942,78,0.86836,78,12887.7,0.454424993
pcty,2016-06-30,43.2,10.33,0.3,0.2,0.26,0.36,0.45,0.58,0.71,1.01,1.29,1.49,1.86,2.3,4.181994192,6.912924204,39.30246016,0.29,1.6,2.32,2016,8.37,2014,2,8.842480881999995,78,0.86836,78,12887.7,0.454424993
qtwo,2016-06-30,28.02,8.38,0.3,0.2,0.26,0.36,0.45,0.58,0.71,1.01,1.29,1.49,1.86,2.3,3.343675418,6.680492735,21.31919657,0.29,1.6,2.32,2016,7.67,2014,2,4.965144577749994,78,0.86836,78,12887.7,0.454424993
rng,2016-06-30,19.72,4.16,0.3,0.2,0.26,0.36,0.45,0.58,0.71,1.01,1.29,1.49,1.86,2.3,4.740384615,5.341880342,26.90591588,0.29,1.6,2.32,2016,3.5,2014,2,6.139337585499994,78,0.86836,78,12887.7,0.454424993
sap,2016-06-30,67.78,3.43,0.3,0.2,0.26,0.36,0.45,0.58,0.71,1.01,1.29,1.49,1.86,2.3,19.76093294,1.777793193,2.288162518,0.29,1.6,2.32,2016,3.68,2010,6,0.5705079404999938,78,0.86836,78,12887.7,0.454424993
twou,2016-06-30,29.41,7.35,0.3,0.2,0.26,0.36,0.45,0.58,0.71,1.01,1.29,1.49,1.86,2.3,4.001360544,5.522605502,19.08367199,0.29,1.6,2.32,2016,5.96,2014,2,4.476225341749997,78,0.86836,78,12887.7,0.454424993
vmw,2016-06-30,39.78,2.35,0.3,0.2,0.26,0.36,0.45,0.58,0.71,1.01,1.29,1.49,1.86,2.3,16.92765957,2.394421402,6.490057716,0.29,1.6,2.32,2016,2.2,2010,6,1.5933272747499962,78,0.86836,78,12887.7,0.454424993
wix,2016-06-30,30.35,5.09,0.3,0.2,0.26,0.36,0.45,0.58,0.71,1.01,1.29,1.49,1.86,2.3,5.962671906,7.663439442,52.9796433,0.29,1.6,2.32,2016,3.66,2014,2,11.243179792999996,78,0.86836,78,12887.7,0.454424993
akam,2016-09-30,52.99,4.08,0.29,0.2,0.29,0.45,0.59,0.77,0.88,1.14,1.42,1.6,1.99,2.32,12.9877451,2.174286486,8.889435444,0.66,2.45,3.04,2016,4.4,2010,6,2.15193664975,81,1.68592,81,13100.5,0.513288731
cdns,2016-09-30,25.53,4.27,0.29,0.2,0.29,0.45,0.59,0.77,0.88,1.14,1.42,1.6,1.99,2.32,5.978922717,-2.565703877,10.44238287,0.66,2.45,3.04,2016,3.96,2010,6,2.578186189749993,81,1.68592,81,13100.5,0.513288731
fivn,2016-09-30,15.68,5.26,0.29,0.2,0.29,0.45,0.59,0.77,0.88,1.14,1.42,1.6,1.99,2.32,2.980988593,4.710355625,14.40550817,0.66,2.45,3.04,2016,4.18,2015,1,3.4535090434999915,81,1.68592,81,13100.5,0.513288731
ftnt,2016-09-30,7.39,5.35,0.29,0.2,0.29,0.45,0.59,0.77,0.88,1.14,1.42,1.6,1.99,2.32,1.381308411,4.909499586,28.54293568,0.66,2.45,3.04,2016,4.8,2010,6,6.482765239999992,81,1.68592,81,13100.5,0.513288731
hubs,2016-09-30,57.62,8.06,0.29,0.2,0.29,0.45,0.59,0.77,0.88,1.14,1.42,1.6,1.99,2.32,7.148883375,8.830306556,4.219218488,0.66,2.45,3.04,2016,6.61,2015,1,1.8829662957499915,81,1.68592,81,13100.5,0.513288731
msft,2016-09-30,52.88,4.55,0.29,0.2,0.29,0.45,0.59,0.77,0.88,1.14,1.42,1.6,1.99,2.32,11.62197802,2.305268088,5.360043856,0.66,2.45,3.04,2016,4.11,2010,6,1.358422537249993,81,1.68592,81,13100.5,0.513288731
now,2016-09-30,79.15,9.93,0.29,0.2,0.29,0.45,0.59,0.77,0.88,1.14,1.42,1.6,1.99,2.32,7.970795569,6.717428627,32.33012658,0.66,2.45,3.04,2016,8.89,2013,3,7.255198034749992,81,1.68592,81,13100.5,0.513288731
payc,2016-09-30,50.13,10.8,0.29,0.2,0.29,0.45,0.59,0.77,0.88,1.14,1.42,1.6,1.99,2.32,4.641666667,11.28828203,10.23108834,0.66,2.45,3.04,2016,10.36,2014,2,2.994665440249994,81,1.68592,81,13100.5,0.513288731
pcty,2016-09-30,44.46,9.55,0.29,0.2,0.29,0.45,0.59,0.77,0.88,1.14,1.42,1.6,1.99,2.32,4.655497382,11.32242583,54.14436242,0.66,2.45,3.04,2016,10.33,2014,2,11.522171105499996,81,1.68592,81,13100.5,0.513288731
qlys,2016-09-30,38.19,8.15,0.29,0.2,0.29,0.45,0.59,0.77,0.88,1.14,1.42,1.6,1.99,2.32,4.685889571,8.898430938,22.49044381,0.66,2.45,3.04,2016,7.69,2012,4,5.226576596999994,81,1.68592,81,13100.5,0.513288731
qtwo,2016-09-30,28.66,8.06,0.29,0.2,0.29,0.45,0.59,0.77,0.88,1.14,1.42,1.6,1.99,2.32,3.555831266,6.344989311,23.13072667,0.66,2.45,3.04,2016,8.38,2014,2,5.356288109249994,81,1.68592,81,13100.5,0.513288731
rng,2016-09-30,23.66,4.75,0.29,0.2,0.29,0.45,0.59,0.77,0.88,1.14,1.42,1.6,1.99,2.32,4.981052632,5.07697235,25.14380165,0.66,2.45,3.04,2016,4.16,2014,2,5.769447855749994,81,1.68592,81,13100.5,0.513288731
sap,2016-09-30,82.58,4.1,0.29,0.2,0.29,0.45,0.59,0.77,0.88,1.14,1.42,1.6,1.99,2.32,20.14146341,1.92567057,4.608260569,0.66,2.45,3.04,2016,3.43,2010,6,1.1356582174999938,81,1.68592,81,13100.5,0.513288731
twou,2016-09-30,38.29,9.08,0.29,0.2,0.29,0.45,0.59,0.77,0.88,1.14,1.42,1.6,1.99,2.32,4.216960352,5.388162497,18.87364559,0.66,2.45,3.04,2016,7.35,2014,2,4.429675291999996,81,1.68592,81,13100.5,0.513288731
vmw,2016-09-30,50.99,2.97,0.29,0.2,0.29,0.45,0.59,0.77,0.88,1.14,1.42,1.6,1.99,2.32,17.16835017,1.421877566,4.99082341,0.66,2.45,3.04,2016,2.35,2010,6,1.2312595404999964,81,1.68592,81,13100.5,0.513288731
wix,2016-09-30,43.43,6.8,0.29,0.2,0.29,0.45,0.59,0.77,0.88,1.14,1.42,1.6,1.99,2.32,6.386764706,7.112462448,42.62063551,0.66,2.45,3.04,2016,5.09,2014,2,9.298196814999995,81,1.68592,81,13100.5,0.513288731
wk,2016-09-30,18.13,4.26,0.29,0.2,0.29,0.45,0.59,0.77,0.88,1.14,1.42,1.6,1.99,2.32,4.255868545,4.683150145,18.51431168,0.66,2.45,3.04,2016,3.36,2015,1,4.350232957499997,81,1.68592,81,13100.5,0.513288731
akam,2016-12-31,66.68,5.01,0.66,0.52,0.53,0.65,0.89,1.22,1.5,1.94,2.26,2.45,2.78,3.04,13.30938124,2.47645867,9.246678598,0.82,2.4,3.02,2016,4.08,2010,6,2.2357126825,84,2.51039,84,13283.4,0.529765238
cdns,2016-12-31,25.22,4.09,0.66,0.52,0.53,0.65,0.89,1.22,1.5,1.94,2.26,2.45,2.78,3.04,6.166259169,3.133281043,5.783494629,0.82,2.4,3.02,2016,4.27,2010,6,1.4426441279999929,84,2.51039,84,13283.4,0.529765238
fivn,2016-12-31,14.19,4.57,0.66,0.52,0.53,0.65,0.89,1.22,1.5,1.94,2.26,2.45,2.78,3.04,3.105032823,4.1611776,20.27540934,0.82,2.4,3.02,2016,5.26,2015,1,4.724375261499992,84,2.51039,84,13283.4,0.529765238
ftnt,2016-12-31,6.02,4.14,0.66,0.52,0.53,0.65,0.89,1.22,1.5,1.94,2.26,2.45,2.78,3.04,1.45410628,5.270211083,26.97172013,0.82,2.4,3.02,2016,5.35,2010,6,6.157097854999992,84,2.51039,84,13283.4,0.529765238
hubs,2016-12-31,47.0,6.09,0.66,0.52,0.53,0.65,0.89,1.22,1.5,1.94,2.26,2.45,2.78,3.04,7.717569787,7.954898437,40.07025967,0.82,2.4,3.02,2016,8.06,2015,1,8.790741577499992,84,2.51039,84,13283.4,0.529765238
msft,2016-12-31,57.43,4.8,0.66,0.52,0.53,0.65,0.89,1.22,1.5,1.94,2.26,2.45,2.78,3.04,11.96458333,2.947908787,10.75210379,0.82,2.4,3.02,2016,4.55,2010,6,2.611449059749993,84,2.51039,84,13283.4,0.529765238
newr,2016-12-31,28.25,6.24,0.66,0.52,0.53,0.65,0.89,1.22,1.5,1.94,2.26,2.45,2.78,3.04,4.52724359,9.868096647,6.320729804,0.82,2.4,3.02,2016,7.13,2015,1,1.8516007352499928,84,2.51039,84,13283.4,0.529765238
now,2016-12-31,74.34,8.77,0.66,0.52,0.53,0.65,0.89,1.22,1.5,1.94,2.26,2.45,2.78,3.04,8.476624857,6.34603264,30.53767254,0.82,2.4,3.02,2016,9.93,2013,3,6.890130287749993,84,2.51039,84,13283.4,0.529765238
payc,2016-12-31,45.49,8.77,0.66,0.52,0.53,0.65,0.89,1.22,1.5,1.94,2.26,2.45,2.78,3.04,5.18700114,11.74867807,43.57780934,0.82,2.4,3.02,2016,10.8,2014,2,9.483223817749996,84,2.51039,84,13283.4,0.529765238
pcty,2016-12-31,30.01,5.88,0.66,0.52,0.53,0.65,0.89,1.22,1.5,1.94,2.26,2.45,2.78,3.04,5.103741497,9.628275512,55.54583954,0.82,2.4,3.02,2016,9.55,2014,2,11.769110401499995,84,2.51039,84,13283.4,0.529765238
qlys,2016-12-31,31.65,6.76,0.66,0.52,0.53,0.65,0.89,1.22,1.5,1.94,2.26,2.45,2.78,3.04,4.681952663,-0.084016232,19.16642837,0.82,2.4,3.02,2016,8.15,2012,4,4.529815190499994,84,2.51039,84,13283.4,0.529765238
qtwo,2016-12-31,28.85,7.59,0.66,0.52,0.53,0.65,0.89,1.22,1.5,1.94,2.26,2.45,2.78,3.04,3.801054018,6.896355159,28.86394738,0.82,2.4,3.02,2016,8.06,2014,2,6.545256028499994,84,2.51039,84,13283.4,0.529765238
rng,2016-12-31,20.6,3.94,0.66,0.52,0.53,0.65,0.89,1.22,1.5,1.94,2.26,2.45,2.78,3.04,5.228426396,4.966294931,23.06092662,0.82,2.4,3.02,2016,4.75,2014,2,5.3252945392499935,84,2.51039,84,13283.4,0.529765238
sap,2016-12-31,78.08,4.02,0.66,0.52,0.53,0.65,0.89,1.22,1.5,1.94,2.26,2.45,2.78,3.04,19.42288557,-3.567654583,0.872982838,0.82,2.4,3.02,2016,4.1,2010,6,0.2429474479999939,84,2.51039,84,13283.4,0.529765238
twou,2016-12-31,30.15,6.81,0.66,0.52,0.53,0.65,0.89,1.22,1.5,1.94,2.26,2.45,2.78,3.04,4.427312775,4.988247584,22.78751657,0.82,2.4,3.02,2016,9.08,2014,2,5.266304427999996,84,2.51039,84,13283.4,0.529765238
vmw,2016-12-31,54.74,3.13,0.66,0.52,0.53,0.65,0.89,1.22,1.5,1.94,2.26,2.45,2.78,3.04,17.48881789,1.866619214,7.609812604,0.56,2.45,3.05,2016,2.97,2010,6,1.8510626244999964,84,2.51039,84,13283.4,0.529765238
wix,2016-12-31,44.55,6.39,0.66,0.52,0.53,0.65,0.89,1.22,1.5,1.94,2.26,2.45,2.78,3.04,6.971830986,9.160604891,39.74307383,0.82,2.4,3.02,2016,6.8,2014,2,8.736243430249996,84,2.51039,84,13283.4,0.529765238
wk,2016-12-31,13.65,3.1,0.66,0.52,0.53,0.65,0.89,1.22,1.5,1.94,2.26,2.45,2.78,3.04,4.403225806,3.462448624,20.54363192,0.82,2.4,3.02,2016,4.26,2015,1,4.785673715499996,84,2.51039,84,13283.4,0.529765238
akam,2017-03-31,59.7,4.41,0.82,0.74,0.76,0.91,1.03,1.27,1.5,1.93,2.22,2.4,2.76,3.02,13.53741497,1.713330803,8.650118316,1.06,2.31,2.84,2017,5.01,2010,7,2.09609448825,87,2.17622,87,13484.9,0.43196866
appf,2017-03-31,27.2,8.05,0.82,0.74,0.76,0.91,1.03,1.27,1.5,1.93,2.22,2.4,2.76,3.02,3.378881988,7.387528159,-20.22084196,1.06,2.31,2.84,2017,7.58,2016,1,-4.25784984625,87,2.17622,87,13484.9,0.43196866
cdns,2017-03-31,31.4,4.9,0.82,0.74,0.76,0.91,1.03,1.27,1.5,1.93,2.22,2.4,2.76,3.02,6.408163265,3.923028371,7.074483738,1.06,2.31,2.84,2017,4.09,2010,7,1.755892189249993,87,2.17622,87,13484.9,0.43196866
fivn,2017-03-31,16.46,5.07,0.82,0.74,0.76,0.91,1.03,1.27,1.5,1.93,2.22,2.4,2.76,3.02,3.246548323,4.557616901,20.14785134,1.06,2.31,2.84,2017,4.57,2015,2,4.696623702999991,87,2.17622,87,13484.9,0.43196866
ftnt,2017-03-31,7.67,5.07,0.82,0.74,0.76,0.91,1.03,1.27,1.5,1.93,2.22,2.4,2.76,3.02,1.512820513,4.037822642,23.14803196,1.06,2.31,2.84,2017,4.14,2010,7,5.349516552249992,87,2.17622,87,13484.9,0.43196866
hubs,2017-03-31,60.55,7.3,0.82,0.74,0.76,0.91,1.03,1.27,1.5,1.93,2.22,2.4,2.76,3.02,8.294520548,7.475808802,38.24200913,1.06,2.31,2.84,2017,6.09,2015,2,8.435399691749993,87,2.17622,87,13484.9,0.43196866
msft,2017-03-31,61.24,4.96,0.82,0.74,0.76,0.91,1.03,1.27,1.5,1.93,2.22,2.4,2.76,3.02,12.34677419,3.194351609,15.00293372,1.06,2.31,2.84,2017,4.8,2010,7,3.565036991999993,87,2.17622,87,13484.9,0.43196866
newr,2017-03-31,37.07,7.46,0.82,0.74,0.76,0.91,1.03,1.27,1.5,1.93,2.22,2.4,2.76,3.02,4.969168901,9.761465278,24.39972653,1.06,2.31,2.84,2017,6.24,2015,2,5.8395057469999925,87,2.17622,87,13484.9,0.43196866
now,2017-03-31,87.47,9.58,0.82,0.74,0.76,0.91,1.03,1.27,1.5,1.93,2.22,2.4,2.76,3.02,9.130480167,7.713628013,30.7339102,1.06,2.31,2.84,2017,8.77,2013,4,6.930551076249992,87,2.17622,87,13484.9,0.43196866
payc,2017-03-31,57.51,9.42,0.82,0.74,0.76,0.91,1.03,1.27,1.5,1.93,2.22,2.4,2.76,3.02,6.105095541,17.69990745,57.04843168,1.06,2.31,2.84,2017,8.77,2014,3,12.007112445499995,87,2.17622,87,13484.9,0.43196866
pcty,2017-03-31,38.63,7.09,0.82,0.74,0.76,0.91,1.03,1.27,1.5,1.93,2.22,2.4,2.76,3.02,5.448519041,6.755388072,39.29170547,1.06,2.31,2.84,2017,5.88,2014,3,8.654753404499994,87,2.17622,87,13484.9,0.43196866
qlys,2017-03-31,37.9,7.56,0.82,0.74,0.76,0.91,1.03,1.27,1.5,1.93,2.22,2.4,2.76,3.02,5.013227513,7.075570267,21.7196139,1.06,2.31,2.84,2017,6.76,2012,5,5.091318362249995,87,2.17622,87,13484.9,0.43196866
qtwo,2017-03-31,34.85,8.64,0.82,0.74,0.76,0.91,1.03,1.27,1.5,1.93,2.22,2.4,2.76,3.02,4.033564815,6.117008473,28.691523,1.06,2.31,2.84,2017,7.59,2014,3,6.509711419499993,87,2.17622,87,13484.9,0.43196866
rng,2017-03-31,28.3,5.12,0.82,0.74,0.76,0.91,1.03,1.27,1.5,1.93,2.22,2.4,2.76,3.02,5.52734375,5.71715716,22.82986111,1.06,2.31,2.84,2017,3.94,2014,3,5.275576195749993,87,2.17622,87,13484.9,0.43196866
sap,2017-03-31,88.69,4.66,0.82,0.74,0.76,0.91,1.03,1.27,1.5,1.93,2.22,2.4,2.76,3.02,19.03218884,-2.011527739,-1.975570419,1.06,2.31,2.84,2017,4.02,2010,7,-0.4689296397500061,87,2.17622,87,13484.9,0.43196866
shop,2017-03-31,6.81,13.09,0.82,0.74,0.76,0.91,1.03,1.27,1.5,1.93,2.22,2.4,2.76,3.02,0.520244461,10.71869307,45.18879118,1.06,2.31,2.84,2017,9.13,2016,1,9.792784727499994,87,2.17622,87,13484.9,0.43196866
twou,2017-03-31,39.66,8.32,0.82,0.74,0.76,0.91,1.03,1.27,1.5,1.93,2.22,2.4,2.76,3.02,4.766826923,7.668628014,25.70924098,1.06,2.31,2.84,2017,6.81,2014,3,5.8919108992499964,87,2.17622,87,13484.9,0.43196866
wix,2017-03-31,67.9,9.04,0.82,0.74,0.76,0.91,1.03,1.27,1.5,1.93,2.22,2.4,2.76,3.02,7.511061947,7.734423885,35.6215428,1.06,2.31,2.84,2017,6.39,2014,3,7.917732666499996,87,2.17622,87,13484.9,0.43196866
wk,2017-03-31,15.65,3.43,0.82,0.74,0.76,0.91,1.03,1.27,1.5,1.93,2.22,2.4,2.76,3.02,4.562682216,3.62135435,17.88560918,1.06,2.31,2.84,2017,3.1,2015,2,4.201573758999996,87,2.17622,87,13484.9,0.43196866
akam,2017-06-30,49.81,3.61,1.06,0.84,1.03,1.14,1.24,1.38,1.55,1.89,2.14,2.31,2.61,2.84,13.79778393,1.923328554,8.546843031,1.16,2.34,2.87,2017,4.41,2010,7,2.07185112825,90,1.72511,90,13618.7,0.438816449
appf,2017-06-30,32.6,9.0,1.06,0.84,1.03,1.14,1.24,1.38,1.55,1.89,2.14,2.31,2.61,2.84,3.622222222,7.201797386,19.23774397,1.16,2.34,2.87,2017,8.05,2016,1,4.61105188025,90,1.72511,90,13618.7,0.438816449
cdns,2017-06-30,33.49,5.83,1.06,0.84,1.03,1.14,1.24,1.38,1.55,1.89,2.14,2.31,2.61,2.84,5.744425386,-10.35769302,-6.387141859,1.16,2.34,2.87,2017,4.9,2010,7,-1.4667718707500068,90,1.72511,90,13618.7,0.438816449
cflt,2017-06-30,53.67,5.55,1.06,0.84,1.03,1.14,1.24,1.38,1.55,1.89,2.14,2.31,2.61,2.84,9.67027027,4.300451079,18.13039004,1.16,2.34,2.87,2017,4.64,2016,1,4.253511694499993,90,1.72511,90,13618.7,0.438816449
fivn,2017-06-30,21.52,6.39,1.06,0.84,1.03,1.14,1.24,1.38,1.55,1.89,2.14,2.31,2.61,2.84,3.367762128,3.733620842,18.29618232,1.16,2.34,2.87,2017,5.07,2015,2,4.290692741999992,90,1.72511,90,13618.7,0.438816449
ftnt,2017-06-30,7.49,4.82,1.06,0.84,1.03,1.14,1.24,1.38,1.55,1.89,2.14,2.31,2.61,2.84,1.553941909,2.718193966,18.02090446,1.16,2.34,2.87,2017,5.07,2010,7,4.233931819249992,90,1.72511,90,13618.7,0.438816449
hubs,2017-06-30,65.75,7.41,1.06,0.84,1.03,1.14,1.24,1.38,1.55,1.89,2.14,2.31,2.61,2.84,8.873144399,6.97597707,35.07942073,1.16,2.34,2.87,2017,7.3,2015,2,7.809247716249991,90,1.72511,90,13618.7,0.438816449
msft,2017-06-30,64.45,5.23,1.06,0.84,1.03,1.14,1.24,1.38,1.55,1.89,2.14,2.31,2.61,2.84,12.32313576,-0.191454366,8.477378355,1.16,2.34,2.87,2017,4.96,2010,7,2.0640185294999926,90,1.72511,90,13618.7,0.438816449
newr,2017-06-30,43.01,8.0,1.06,0.84,1.03,1.14,1.24,1.38,1.55,1.89,2.14,2.31,2.61,2.84,5.37625,8.192136499,43.06432132,1.16,2.34,2.87,2017,7.46,2015,2,9.368272333249992,90,1.72511,90,13618.7,0.438816449
now,2017-06-30,106.0,10.95,1.06,0.84,1.03,1.14,1.24,1.38,1.55,1.89,2.14,2.31,2.61,2.84,9.680365297,6.022521486,29.60609562,1.16,2.34,2.87,2017,9.58,2013,4,6.699902691499992,90,1.72511,90,13618.7,0.438816449
payc,2017-06-30,68.41,10.5,1.06,0.84,1.03,1.14,1.24,1.38,1.55,1.89,2.14,2.31,2.61,2.84,6.515238095,6.718036615,56.20890226,1.16,2.34,2.87,2017,9.42,2014,3,11.863726041249995,90,1.72511,90,13618.7,0.438816449
pcty,2017-06-30,45.18,7.95,1.06,0.84,1.03,1.14,1.24,1.38,1.55,1.89,2.14,2.31,2.61,2.84,5.683018868,4.303918648,35.89255765,1.16,2.34,2.87,2017,7.09,2014,3,8.002502015499994,90,1.72511,90,13618.7,0.438816449
pypl,2017-06-30,53.67,5.55,1.06,0.84,1.03,1.14,1.24,1.38,1.55,1.89,2.14,2.31,2.61,2.84,9.67027027,4.300451079,18.13039004,1.16,2.34,2.87,2017,4.64,2016,1,4.253511694499994,90,1.72511,90,13618.7,0.438816449
qlys,2017-06-30,40.8,7.71,1.06,0.84,1.03,1.14,1.24,1.38,1.55,1.89,2.14,2.31,2.61,2.84,5.291828794,5.557323696,22.98024607,1.16,2.34,2.87,2017,7.56,2012,5,5.361827167249994,90,1.72511,90,13618.7,0.438816449
qtwo,2017-06-30,36.95,8.63,1.06,0.84,1.03,1.14,1.24,1.38,1.55,1.89,2.14,2.31,2.61,2.84,4.281575898,6.148682235,28.04998582,1.16,2.34,2.87,2017,8.64,2014,3,6.3767587944999935,90,1.72511,90,13618.7,0.438816449
rng,2017-06-30,36.55,6.25,1.06,0.84,1.03,1.14,1.24,1.38,1.55,1.89,2.14,2.31,2.61,2.84,5.848,5.801272085,23.36551724,1.16,2.34,2.87,2017,5.12,2014,3,5.390424131499993,90,1.72511,90,13618.7,0.438816449
sap,2017-06-30,95.83,4.7,1.06,0.84,1.03,1.14,1.24,1.38,1.55,1.89,2.14,2.31,2.61,2.84,20.3893617,7.130934189,3.18015733,1.16,2.34,2.87,2017,4.66,2010,7,0.869355609249994,90,1.72511,90,13618.7,0.438816449
shop,2017-06-30,8.69,15.13,1.06,0.84,1.03,1.14,1.24,1.38,1.55,1.89,2.14,2.31,2.61,2.84,0.574355585,10.40109555,50.86158059,1.16,2.34,2.87,2017,13.09,2016,1,10.830627104249997,90,1.72511,90,13618.7,0.438816449
twou,2017-06-30,46.92,9.25,1.06,0.84,1.03,1.14,1.24,1.38,1.55,1.89,2.14,2.31,2.61,2.84,5.072432432,6.41108885,26.76769255,1.16,2.34,2.87,2017,8.32,2014,3,6.114031736249996,90,1.72511,90,13618.7,0.438816449
wix,2017-06-30,69.6,8.57,1.06,0.84,1.03,1.14,1.24,1.38,1.55,1.89,2.14,2.31,2.61,2.84,8.121353559,8.125237368,36.20326068,1.16,2.34,2.87,2017,9.04,2014,3,8.033182147999996,90,1.72511,90,13618.7,0.438816449
wk,2017-06-30,19.05,4.06,1.06,0.84,1.03,1.14,1.24,1.38,1.55,1.89,2.14,2.31,2.61,2.84,4.692118227,2.836840366,15.41374262,1.16,2.34,2.87,2017,3.43,2015,2,3.6509483712499966,90,1.72511,90,13618.7,0.438816449
akam,2017-09-30,48.72,3.45,1.16,0.95,1.01,1.22,1.31,1.49,1.63,1.94,2.17,2.34,2.64,2.87,14.12173913,2.34787846,8.731261846,1.42,2.46,2.81,2017,3.61,2010,7,2.11524912175,93,2.02076,93,13770.1,0.380524716
appf,2017-09-30,47.95,12.41,1.16,0.95,1.01,1.22,1.31,1.49,1.63,1.94,2.17,2.34,2.64,2.87,3.8638195,6.669863508,18.25990755,1.42,2.46,2.81,2017,9.0,2016,1,4.39055095225,93,2.02076,93,13770.1,0.380524716
cdns,2017-09-30,39.47,5.98,1.16,0.95,1.01,1.22,1.31,1.49,1.63,1.94,2.17,2.34,2.64,2.87,6.600334448,14.89982034,10.39337287,1.42,2.46,2.81,2017,5.83,2010,7,2.899609183499993,93,2.02076,93,13770.1,0.380524716
cflt,2017-09-30,64.03,6.32,1.16,0.95,1.01,1.22,1.31,1.49,1.63,1.94,2.17,2.34,2.64,2.87,10.13132911,4.767796874,18.69753416,1.42,2.46,2.81,2017,5.55,2016,1,4.378658438749993,93,2.02076,93,13770.1,0.380524716
fivn,2017-09-30,23.9,6.96,1.16,0.95,1.01,1.22,1.31,1.49,1.63,1.94,2.17,2.34,2.64,2.87,3.433908046,1.964091142,15.19359899,1.42,2.46,2.81,2017,6.39,2015,2,3.604126621249992,93,2.02076,93,13770.1,0.380524716
ftnt,2017-09-30,7.17,4.43,1.16,0.95,1.01,1.22,1.31,1.49,1.63,1.94,2.17,2.34,2.64,2.87,1.618510158,4.155126323,17.17225095,1.42,2.46,2.81,2017,4.82,2010,7,4.045338503499991,93,2.02076,93,13770.1,0.380524716
hubs,2017-09-30,84.05,8.84,1.16,0.95,1.01,1.22,1.31,1.49,1.63,1.94,2.17,2.34,2.64,2.87,9.507918552,7.153880564,32.99865243,1.42,2.46,2.81,2017,7.41,2015,2,7.390141218249991,93,2.02076,93,13770.1,0.380524716
lspd,2017-09-30,28.81,5.17,1.16,0.95,1.01,1.22,1.31,1.49,1.63,1.94,2.17,2.34,2.64,2.87,5.572533849,4.75223476,4.664229242,1.42,2.46,2.81,2017,4.41,2016,1,1.219240407999994,93,2.02076,93,13770.1,0.380524716
msft,2017-09-30,70.02,5.52,1.16,0.95,1.01,1.22,1.31,1.49,1.63,1.94,2.17,2.34,2.64,2.87,12.68478261,2.934698283,9.14478228,1.42,2.46,2.81,2017,5.23,2010,7,2.221376078249993,93,2.02076,93,13770.1,0.380524716
newr,2017-09-30,49.8,8.65,1.16,0.95,1.01,1.22,1.31,1.49,1.63,1.94,2.17,2.34,2.64,2.87,5.757225434,7.086267073,39.71755392,1.42,2.46,2.81,2017,8.0,2015,2,8.726991374249993,93,2.02076,93,13770.1,0.380524716
now,2017-09-30,117.53,11.32,1.16,0.95,1.01,1.22,1.31,1.49,1.63,1.94,2.17,2.34,2.64,2.87,10.38250883,7.253275218,30.25687015,1.42,2.46,2.81,2017,10.95,2013,4,6.833864339249992,93,2.02076,93,13770.1,0.380524716
payc,2017-09-30,74.96,10.83,1.16,0.95,1.01,1.22,1.31,1.49,1.63,1.94,2.17,2.34,2.64,2.87,6.921514312,6.235784647,49.11700493,1.42,2.46,2.81,2017,10.5,2014,3,10.600601695499996,93,2.02076,93,13770.1,0.380524716
pcty,2017-09-30,48.82,8.26,1.16,0.95,1.01,1.22,1.31,1.49,1.63,1.94,2.17,2.34,2.64,2.87,5.910411622,4.001266926,26.9555353,1.42,2.46,2.81,2017,7.95,2014,3,6.172212289499995,93,2.02076,93,13770.1,0.380524716
pypl,2017-09-30,64.03,6.32,1.16,0.95,1.01,1.22,1.31,1.49,1.63,1.94,2.17,2.34,2.64,2.87,10.13132911,4.767796874,18.69753416,1.42,2.46,2.81,2017,5.55,2016,1,4.378658438749994,93,2.02076,93,13770.1,0.380524716
qlys,2017-09-30,51.8,9.24,1.16,0.95,1.01,1.22,1.31,1.49,1.63,1.94,2.17,2.34,2.64,2.87,5.606060606,5.938057041,19.6370619,1.42,2.46,2.81,2017,7.71,2012,5,4.621733692999994,93,2.02076,93,13770.1,0.380524716
qtwo,2017-09-30,41.65,9.19,1.16,0.95,1.01,1.22,1.31,1.49,1.63,1.94,2.17,2.34,2.64,2.87,4.532100109,5.851214991,27.45543223,1.42,2.46,2.81,2017,8.63,2014,3,6.2533152144999935,93,2.02076,93,13770.1,0.380524716
rng,2017-09-30,41.75,6.85,1.16,0.95,1.01,1.22,1.31,1.49,1.63,1.94,2.17,2.34,2.64,2.87,6.094890511,4.221793963,22.36149589,1.42,2.46,2.81,2017,6.25,2014,3,5.176629534749993,93,2.02076,93,13770.1,0.380524716
sap,2017-09-30,100.39,4.79,1.16,0.95,1.01,1.22,1.31,1.49,1.63,1.94,2.17,2.34,2.64,2.87,20.95824635,2.790105216,4.055231316,1.42,2.46,2.81,2017,4.7,2010,7,1.085464270749994,93,2.02076,93,13770.1,0.380524716
shop,2017-09-30,11.65,18.47,1.16,0.95,1.01,1.22,1.31,1.49,1.63,1.94,2.17,2.34,2.64,2.87,0.630752572,9.819176184,47.46965722,1.42,2.46,2.81,2017,15.13,2016,1,10.199144267749991,93,2.02076,93,13770.1,0.380524716
sq,2017-09-30,28.81,5.17,1.16,0.95,1.01,1.22,1.31,1.49,1.63,1.94,2.17,2.34,2.64,2.87,5.572533849,4.75223476,4.664229242,1.42,2.46,2.81,2017,4.41,2016,1,1.2192404079999948,93,2.02076,93,13770.1,0.380524716
team,2017-09-30,35.15,12.07,1.16,0.95,1.01,1.22,1.31,1.49,1.63,1.94,2.17,2.34,2.64,2.87,2.912178956,7.199310635,11.14300005,1.42,2.46,2.81,2017,12.95,2015,2,2.7617220329999963,93,2.02076,93,13770.1,0.380524716
twou,2017-09-30,56.04,10.38,1.16,0.95,1.01,1.22,1.31,1.49,1.63,1.94,2.17,2.34,2.64,2.87,5.398843931,6.435009289,28.02690752,1.42,2.46,2.81,2017,9.25,2014,3,6.375743434249996,93,2.02076,93,13770.1,0.380524716
wix,2017-09-30,71.85,8.19,1.16,0.95,1.01,1.22,1.31,1.49,1.63,1.94,2.17,2.34,2.64,2.87,8.772893773,8.022556945,37.3605288,1.42,2.46,2.81,2017,8.57,2014,3,8.260705772249995,93,2.02076,93,13770.1,0.380524716
wk,2017-09-30,20.85,4.31,1.16,0.95,1.01,1.22,1.31,1.49,1.63,1.94,2.17,2.34,2.64,2.87,4.837587007,3.100279518,13.66861914,1.42,2.46,2.81,2017,4.06,2015,2,3.255230714499997,93,2.02076,93,13770.1,0.380524716
akam,2017-12-31,65.04,4.53,1.42,1.29,1.44,1.61,1.83,1.92,2.01,2.25,2.38,2.46,2.64,2.81,14.35761589,1.670309594,7.875908262,1.68,2.73,2.97,2017,3.45,2010,7,1.91371185275,96,2.15132,96,13869.7,0.085149987
appf,2017-12-31,41.5,10.11,1.42,1.29,1.44,1.61,1.83,1.92,2.01,2.25,2.38,2.46,2.64,2.81,4.104846686,6.238055013,30.46011691,1.68,2.73,2.97,2017,12.41,2016,1,6.8743110165,96,2.15132,96,13869.7,0.085149987
cdns,2017-12-31,41.82,6.11,1.42,1.29,1.44,1.61,1.83,1.92,2.01,2.25,2.38,2.46,2.64,2.81,6.844517185,3.699550965,10.9995055,1.68,2.73,2.97,2017,5.98,2010,7,3.0411766639999933,96,2.15132,96,13869.7,0.085149987
cflt,2017-12-31,73.62,6.85,1.42,1.29,1.44,1.61,1.83,1.92,2.01,2.25,2.38,2.46,2.64,2.81,10.74744526,6.08129629,20.62625407,1.68,2.73,2.97,2017,6.32,2016,1,4.8026977772499935,96,2.15132,96,13869.7,0.085149987
fivn,2017-12-31,24.88,6.91,1.42,1.29,1.44,1.61,1.83,1.92,2.01,2.25,2.38,2.46,2.64,2.81,3.600578871,4.853677588,15.95944638,1.68,2.73,2.97,2017,6.96,2015,2,3.777251618249992,96,2.15132,96,13869.7,0.085149987
ftnt,2017-12-31,8.74,5.22,1.42,1.29,1.44,1.61,1.83,1.92,2.01,2.25,2.38,2.46,2.64,2.81,1.674329502,3.44881023,15.14491923,1.68,2.73,2.97,2017,4.43,2010,7,3.589988290249992,96,2.15132,96,13869.7,0.085149987
hubs,2017-12-31,88.4,8.64,1.42,1.29,1.44,1.61,1.83,1.92,2.01,2.25,2.38,2.46,2.64,2.81,10.23148148,7.610108621,32.57387707,1.68,2.73,2.97,2017,8.84,2015,2,7.303943764249991,96,2.15132,96,13869.7,0.085149987
lspd,2017-12-31,34.67,5.9,1.42,1.29,1.44,1.61,1.83,1.92,2.01,2.25,2.38,2.46,2.64,2.81,5.876271186,5.450614488,16.40449159,1.68,2.73,2.97,2017,5.17,2016,1,3.8781109157499936,96,2.15132,96,13869.7,0.085149987
msft,2017-12-31,80.81,6.15,1.42,1.29,1.44,1.61,1.83,1.92,2.01,2.25,2.38,2.46,2.64,2.81,13.1398374,3.587407082,9.822774703,1.68,2.73,2.97,2017,5.52,2010,7,2.381250651999993,96,2.15132,96,13869.7,0.085149987
newr,2017-12-31,57.77,9.44,1.42,1.29,1.44,1.61,1.83,1.92,2.01,2.25,2.38,2.46,2.64,2.81,6.11970339,6.296052855,35.17504125,1.68,2.73,2.97,2017,8.65,2015,2,7.833980426249993,96,2.15132,96,13869.7,0.085149987
now,2017-12-31,130.39,11.6,1.42,1.29,1.44,1.61,1.83,1.92,2.01,2.25,2.38,2.46,2.64,2.81,11.24051724,8.263979556,32.60604817,1.68,2.73,2.97,2017,11.32,2013,4,7.313351068249993,96,2.15132,96,13869.7,0.085149987
payc,2017-12-31,80.33,10.9,1.42,1.29,1.44,1.61,1.83,1.92,2.01,2.25,2.38,2.46,2.64,2.81,7.369724771,6.475612682,42.08064682,1.68,2.73,2.97,2017,10.83,2014,3,9.282335348499997,96,2.15132,96,13869.7,0.085149987
pcty,2017-12-31,47.16,7.68,1.42,1.29,1.44,1.61,1.83,1.92,2.01,2.25,2.38,2.46,2.64,2.81,6.140625,3.895048136,20.31614462,1.68,2.73,2.97,2017,8.26,2014,3,4.738905445499994,96,2.15132,96,13869.7,0.085149987
pypl,2017-12-31,73.62,6.85,1.42,1.29,1.44,1.61,1.83,1.92,2.01,2.25,2.38,2.46,2.64,2.81,10.74744526,6.08129629,20.62625407,1.68,2.73,2.97,2017,6.32,2016,1,4.802697777249994,96,2.15132,96,13869.7,0.085149987
qlys,2017-12-31,59.35,10.21,1.42,1.29,1.44,1.61,1.83,1.92,2.01,2.25,2.38,2.46,2.64,2.81,5.812928501,3.690075972,24.15607163,1.68,2.73,2.97,2017,9.24,2012,5,5.565256743999994,96,2.15132,96,13869.7,0.085149987
qtwo,2017-12-31,36.85,7.81,1.42,1.29,1.44,1.61,1.83,1.92,2.01,2.25,2.38,2.46,2.64,2.81,4.718309859,4.108685728,24.13161813,1.68,2.73,2.97,2017,9.19,2014,3,5.556397856749994,96,2.15132,96,13869.7,0.085149987
rng,2017-12-31,48.4,7.44,1.42,1.29,1.44,1.61,1.83,1.92,2.01,2.25,2.38,2.46,2.64,2.81,6.505376344,6.734917262,24.42321745,1.68,2.73,2.97,2017,6.85,2014,3,5.618785117499994,96,2.15132,96,13869.7,0.085149987
sap,2017-12-31,102.87,4.29,1.42,1.29,1.44,1.61,1.83,1.92,2.01,2.25,2.38,2.46,2.64,2.81,23.97902098,14.41329862,23.45756191,1.68,2.73,2.97,2017,4.79,2010,7,5.5807025714999945,96,2.15132,96,13869.7,0.085149987
shop,2017-12-31,10.1,14.26,1.42,1.29,1.44,1.61,1.83,1.92,2.01,2.25,2.38,2.46,2.64,2.81,0.708274895,12.29044899,50.73542633,1.68,2.73,2.97,2017,18.47,2016,1,10.807353448499994,96,2.15132,96,13869.7,0.085149987
sq,2017-12-31,34.67,5.9,1.42,1.29,1.44,1.61,1.83,1.92,2.01,2.25,2.38,2.46,2.64,2.81,5.876271186,5.450614488,16.40449159,1.68,2.73,2.97,2017,5.17,2016,1,3.8781109157499936,96,2.15132,96,13869.7,0.085149987
team,2017-12-31,45.52,13.84,1.42,1.29,1.44,1.61,1.83,1.92,2.01,2.25,2.38,2.46,2.64,2.81,3.289017341,12.94008338,30.77603742,1.68,2.73,2.97,2017,12.07,2015,2,7.000566016249996,96,2.15132,96,13869.7,0.085149987
twou,2017-12-31,64.51,10.87,1.42,1.29,1.44,1.61,1.83,1.92,2.01,2.25,2.38,2.46,2.64,2.81,5.934682613,9.925063383,34.04706001,1.68,2.73,2.97,2017,10.38,2014,3,7.609947383999996,96,2.15132,96,13869.7,0.085149987
wix,2017-12-31,57.55,6.14,1.42,1.29,1.44,1.61,1.83,1.92,2.01,2.25,2.38,2.46,2.64,2.81,9.372964169,6.840050866,34.44049617,1.68,2.73,2.97,2017,8.19,2014,3,7.680567265999997,96,2.15132,96,13869.7,0.085149987
wk,2017-12-31,21.4,4.27,1.42,1.29,1.44,1.61,1.83,1.92,2.01,2.25,2.38,2.46,2.64,2.81,5.011709602,3.599368749,13.8190459,1.68,2.73,2.97,2017,4.31,2015,2,3.2894607457499965,96,2.15132,96,13869.7,0.085149987
akam,2018-03-31,70.98,4.78,1.68,1.68,1.77,1.92,2.08,2.25,2.37,2.55,2.67,2.73,2.85,2.97,14.84937238,3.42505674,9.691343748,1.91,2.87,2.99,2018,4.53,2010,8,2.341643337,99,2.471,99,13988.8,0.133140542
appf,2018-03-31,40.85,9.32,1.68,1.68,1.77,1.92,2.08,2.25,2.37,2.55,2.67,2.73,2.85,2.97,4.38304721,6.777366979,29.71886045,1.91,2.87,2.99,2018,10.11,2016,2,6.7217707215,99,2.471,99,13988.8,0.133140542
cdns,2018-03-31,36.77,5.2,1.68,1.68,1.77,1.92,2.08,2.25,2.37,2.55,2.67,2.73,2.85,2.97,7.071153846,3.31121473,10.34603136,1.91,2.87,2.99,2018,6.11,2010,8,2.888223253749993,99,2.471,99,13988.8,0.133140542
cflt,2018-03-31,75.87,6.7,1.68,1.68,1.77,1.92,2.08,2.25,2.37,2.55,2.67,2.73,2.85,2.97,11.3238806,5.363463854,22.13576469,1.91,2.87,2.99,2018,6.85,2016,2,5.128252024249994,99,2.471,99,13988.8,0.133140542
fivn,2018-03-31,29.79,7.91,1.68,1.68,1.77,1.92,2.08,2.25,2.37,2.55,2.67,2.73,2.85,2.97,3.766118837,4.597593099,16.00378191,1.91,2.87,2.99,2018,6.91,2015,3,3.787245667749992,99,2.471,99,13988.8,0.133140542
ftnt,2018-03-31,10.72,6.11,1.68,1.68,1.77,1.92,2.08,2.25,2.37,2.55,2.67,2.73,2.85,2.97,1.754500818,4.788263978,15.97547782,1.91,2.87,2.99,2018,5.22,2010,8,3.777598624249992,99,2.471,99,13988.8,0.133140542
hubs,2018-03-31,108.3,9.85,1.68,1.68,1.77,1.92,2.08,2.25,2.37,2.55,2.67,2.73,2.85,2.97,10.99492386,7.461699244,32.55647261,1.91,2.87,2.99,2018,8.64,2015,3,7.300416374749991,99,2.471,99,13988.8,0.133140542
lspd,2018-03-31,49.2,7.81,1.68,1.68,1.77,1.92,2.08,2.25,2.37,2.55,2.67,2.73,2.85,2.97,6.299615877,7.204308263,21.76340874,1.91,2.87,2.99,2018,5.9,2016,2,5.057650425749994,99,2.471,99,13988.8,0.133140542
msft,2018-03-31,86.63,6.37,1.68,1.68,1.77,1.92,2.08,2.25,2.37,2.55,2.67,2.73,2.85,2.97,13.59968603,3.499652362,10.14768566,1.91,2.87,2.99,2018,6.15,2010,8,2.457575840249993,99,2.471,99,13988.8,0.133140542
newr,2018-03-31,74.12,11.4,1.68,1.68,1.77,1.92,2.08,2.25,2.37,2.55,2.67,2.73,2.85,2.97,6.501754386,6.242965905,30.84188756,1.91,2.87,2.99,2018,9.44,2015,3,6.954355582999993,99,2.471,99,13988.8,0.133140542
now,2018-03-31,165.45,14.02,1.68,1.68,1.77,1.92,2.08,2.25,2.37,2.55,2.67,2.73,2.85,2.97,11.80099857,4.986259262,29.24838954,1.91,2.87,2.99,2018,11.6,2013,5,6.631508880499993,99,2.471,99,13988.8,0.133140542
payc,2018-03-31,107.39,13.51,1.68,1.68,1.77,1.92,2.08,2.25,2.37,2.55,2.67,2.73,2.85,2.97,7.948926721,7.859207343,30.20151228,1.91,2.87,2.99,2018,10.9,2014,4,6.822160321749994,99,2.471,99,13988.8,0.133140542
pcty,2018-03-31,51.23,7.85,1.68,1.68,1.77,1.92,2.08,2.25,2.37,2.55,2.67,2.73,2.85,2.97,6.52611465,6.277694041,19.77777082,1.91,2.87,2.99,2018,7.68,2014,4,4.619481937749995,99,2.471,99,13988.8,0.133140542
pypl,2018-03-31,75.87,6.7,1.68,1.68,1.77,1.92,2.08,2.25,2.37,2.55,2.67,2.73,2.85,2.97,11.3238806,5.363463854,22.13576469,1.91,2.87,2.99,2018,6.85,2016,2,5.128252024249994,99,2.471,99,13988.8,0.133140542
qlys,2018-03-31,72.75,12.14,1.68,1.68,1.77,1.92,2.08,2.25,2.37,2.55,2.67,2.73,2.85,2.97,5.992586491,3.090662296,19.53549834,1.91,2.87,2.99,2018,10.21,2012,6,4.569029751249994,99,2.471,99,13988.8,0.133140542
qtwo,2018-03-31,45.55,9.25,1.68,1.68,1.77,1.92,2.08,2.25,2.37,2.55,2.67,2.73,2.85,2.97,4.924324324,4.366276724,22.08367909,1.91,2.87,2.99,2018,7.81,2014,4,5.118714919499994,99,2.471,99,13988.8,0.133140542
rng,2018-03-31,63.5,9.18,1.68,1.68,1.77,1.92,2.08,2.25,2.37,2.55,2.67,2.73,2.85,2.97,6.917211329,6.330686545,25.14530744,1.91,2.87,2.99,2018,7.44,2014,4,5.772167463749994,99,2.471,99,13988.8,0.133140542
sap,2018-03-31,96.28,3.97,1.68,1.68,1.77,1.92,2.08,2.25,2.37,2.55,2.67,2.73,2.85,2.97,24.25188917,1.137945498,27.42564385,1.91,2.87,2.99,2018,4.29,2010,8,6.368070880749994,99,2.471,99,13988.8,0.133140542
shop,2018-03-31,12.46,16.04,1.68,1.68,1.77,1.92,2.08,2.25,2.37,2.55,2.67,2.73,2.85,2.97,0.77680798,9.676057381,49.31595387,1.91,2.87,2.99,2018,14.26,2016,2,10.546694526249992,99,2.471,99,13988.8,0.133140542
sq,2018-03-31,49.2,7.81,1.68,1.68,1.77,1.92,2.08,2.25,2.37,2.55,2.67,2.73,2.85,2.97,6.299615877,7.204308263,21.76340874,1.91,2.87,2.99,2018,5.9,2016,2,5.057650425749995,99,2.471,99,13988.8,0.133140542
team,2018-03-31,53.92,15.23,1.68,1.68,1.77,1.92,2.08,2.25,2.37,2.55,2.67,2.73,2.85,2.97,3.540380827,7.642510215,35.94116699,1.91,2.87,2.99,2018,13.84,2015,3,8.023044205249995,99,2.471,99,13988.8,0.133140542
twlo,2018-03-31,38.18,8.0,1.68,1.68,1.77,1.92,2.08,2.25,2.37,2.55,2.67,2.73,2.85,2.97,4.7725,8.594597458,-20.98181503,1.91,2.87,2.99,2018,5.37,2017,1,-4.646088036250003,99,2.471,99,13988.8,0.133140542
twou,2018-03-31,84.03,13.3,1.68,1.68,1.77,1.92,2.08,2.25,2.37,2.55,2.67,2.73,2.85,2.97,6.318045113,6.459696754,32.54194488,1.91,2.87,2.99,2018,10.87,2014,4,7.307714568999996,99,2.471,99,13988.8,0.133140542
wix,2018-03-31,79.55,7.76,1.68,1.68,1.77,1.92,2.08,2.25,2.37,2.55,2.67,2.73,2.85,2.97,10.25128866,9.370829489,36.48254711,1.91,2.87,2.99,2018,6.14,2014,4,8.089668666999998,99,2.471,99,13988.8,0.133140542
wk,2018-03-31,23.7,4.61,1.68,1.68,1.77,1.92,2.08,2.25,2.37,2.55,2.67,2.73,2.85,2.97,5.140997831,2.579723073,12.67490453,1.91,2.87,2.99,2018,4.27,2015,3,3.0290529264999964,99,2.471,99,13988.8,0.133140542
akam,2018-06-30,73.23,4.82,1.91,1.9,1.98,2.14,2.34,2.57,2.65,2.75,2.83,2.87,2.92,2.99,15.19294606,2.313725215,10.11149422,2.18,3.09,3.24,2018,4.78,2010,8,2.43924250225,102,2.85412,102,14139.2,0.252417822
appf,2018-06-30,61.15,13.04,1.91,1.9,1.98,2.14,2.34,2.57,2.65,2.75,2.83,2.87,2.92,2.99,4.689417178,6.989885185,29.46243743,2.18,3.09,3.24,2018,9.32,2016,2,6.668792671249999,102,2.85412,102,14139.2,0.252417822
cdns,2018-06-30,43.31,6.02,1.91,1.9,1.98,2.14,2.34,2.57,2.65,2.75,2.83,2.87,2.92,2.99,7.194352159,1.742266057,25.2405885,2.18,3.09,3.24,2018,5.2,2010,8,5.913213022999993,102,2.85412,102,14139.2,0.252417822
cflt,2018-06-30,83.27,6.97,1.91,1.9,1.98,2.14,2.34,2.57,2.65,2.75,2.83,2.87,2.92,2.99,11.94691535,5.501954468,23.54272443,2.18,3.09,3.24,2018,6.7,2016,2,5.428627871499994,102,2.85412,102,14139.2,0.252417822
evbg,2018-06-30,47.42,10.94,1.91,1.9,1.98,2.14,2.34,2.57,2.65,2.75,2.83,2.87,2.92,2.99,4.334552102,8.60066333,-0.71099864,2.18,3.09,3.24,2018,9.17,2017,1,0.0990377457499915,102,2.85412,102,14139.2,0.252417822
fivn,2018-06-30,34.57,8.75,1.91,1.9,1.98,2.14,2.34,2.57,2.65,2.75,2.83,2.87,2.92,2.99,3.950857143,4.905270225,17.31402018,2.18,3.09,3.24,2018,7.91,2015,3,4.080158013499991,102,2.85412,102,14139.2,0.252417822
ftnt,2018-06-30,12.49,6.72,1.91,1.9,1.98,2.14,2.34,2.57,2.65,2.75,2.83,2.87,2.92,2.99,1.858630952,5.935029096,19.60749253,2.18,3.09,3.24,2018,6.11,2010,8,4.581807406749991,102,2.85412,102,14139.2,0.252417822
hubs,2018-06-30,125.4,10.67,1.91,1.9,1.98,2.14,2.34,2.57,2.65,2.75,2.83,2.87,2.92,2.99,11.75257732,6.890938687,32.45109953,2.18,3.09,3.24,2018,9.85,2015,3,7.279156778999991,102,2.85412,102,14139.2,0.252417822
lspd,2018-06-30,61.64,8.99,1.91,1.9,1.98,2.14,2.34,2.57,2.65,2.75,2.83,2.87,2.92,2.99,6.85650723,8.840084285,28.88830727,2.18,3.09,3.24,2018,7.81,2016,2,6.561810448999994,102,2.85412,102,14139.2,0.252417822
msft,2018-06-30,94.0,6.62,1.91,1.9,1.98,2.14,2.34,2.57,2.65,2.75,2.83,2.87,2.92,2.99,14.19939577,4.409732261,15.22550796,2.18,3.09,3.24,2018,6.37,2010,8,3.607872496999993,102,2.85412,102,14139.2,0.252417822
newr,2018-06-30,100.59,14.51,1.91,1.9,1.98,2.14,2.34,2.57,2.65,2.75,2.83,2.87,2.92,2.99,6.932460372,6.624457964,28.94601948,2.18,3.09,3.24,2018,11.4,2015,3,6.562435949249993,102,2.85412,102,14139.2,0.252417822
now,2018-06-30,172.47,13.55,1.91,1.9,1.98,2.14,2.34,2.57,2.65,2.75,2.83,2.87,2.92,2.99,12.72841328,7.858781652,31.48691081,2.18,3.09,3.24,2018,14.02,2013,5,7.090573921999992,102,2.85412,102,14139.2,0.252417822
payc,2018-06-30,98.83,11.66,1.91,1.9,1.98,2.14,2.34,2.57,2.65,2.75,2.83,2.87,2.92,2.99,8.475986278,6.630575113,30.09480473,2.18,3.09,3.24,2018,13.51,2014,4,6.800294946249994,102,2.85412,102,14139.2,0.252417822
pcty,2018-06-30,58.86,8.55,1.91,1.9,1.98,2.14,2.34,2.57,2.65,2.75,2.83,2.87,2.92,2.99,6.884210526,5.48712206,21.13650661,2.18,3.09,3.24,2018,7.85,2014,4,4.915282790749995,102,2.85412,102,14139.2,0.252417822
pypl,2018-06-30,83.27,6.97,1.91,1.9,1.98,2.14,2.34,2.57,2.65,2.75,2.83,2.87,2.92,2.99,11.94691535,5.501954468,23.54272443,2.18,3.09,3.24,2018,6.7,2016,2,5.4286278714999945,102,2.85412,102,14139.2,0.252417822
qlys,2018-06-30,84.3,13.58,1.91,1.9,1.98,2.14,2.34,2.57,2.65,2.75,2.83,2.87,2.92,2.99,6.207658321,3.588964973,17.30648445,2.18,3.09,3.24,2018,12.14,2012,6,4.076940070499994,102,2.85412,102,14139.2,0.252417822
qtwo,2018-06-30,57.05,11.1,1.91,1.9,1.98,2.14,2.34,2.57,2.65,2.75,2.83,2.87,2.92,2.99,5.13963964,4.372484449,20.04083922,2.18,3.09,3.24,2018,9.25,2014,4,4.674665472999994,102,2.85412,102,14139.2,0.252417822
rng,2018-06-30,70.35,9.54,1.91,1.9,1.98,2.14,2.34,2.57,2.65,2.75,2.83,2.87,2.92,2.99,7.374213836,6.606744912,26.09804782,2.18,3.09,3.24,2018,9.18,2014,4,5.973535670499993,102,2.85412,102,14139.2,0.252417822
sap,2018-06-30,107.44,4.31,1.91,1.9,1.98,2.14,2.34,2.57,2.65,2.75,2.83,2.87,2.92,2.99,24.92807425,2.788174861,22.26019927,2.18,3.09,3.24,2018,3.97,2010,8,5.282381048749994,102,2.85412,102,14139.2,0.252417822
shop,2018-06-30,14.59,17.22,1.91,1.9,1.98,2.14,2.34,2.57,2.65,2.75,2.83,2.87,2.92,2.99,0.847270616,9.070791923,47.51673663,2.18,3.09,3.24,2018,16.04,2016,2,10.214118619499994,102,2.85412,102,14139.2,0.252417822
sq,2018-06-30,61.64,8.99,1.91,1.9,1.98,2.14,2.34,2.57,2.65,2.75,2.83,2.87,2.92,2.99,6.85650723,8.840084285,28.88830727,2.18,3.09,3.24,2018,7.81,2016,2,6.561810448999995,102,2.85412,102,14139.2,0.252417822
team,2018-06-30,62.52,16.36,1.91,1.9,1.98,2.14,2.34,2.57,2.65,2.75,2.83,2.87,2.92,2.99,3.821515892,7.940814246,40.67262879,2.18,3.09,3.24,2018,15.23,2015,3,8.930679618999996,102,2.85412,102,14139.2,0.252417822
ttd,2018-06-30,9.38,11.0,1.91,1.9,1.98,2.14,2.34,2.57,2.65,2.75,2.83,2.87,2.92,2.99,0.852727273,10.7170088,-14.21665759,2.18,3.09,3.24,2018,6.44,2017,1,-2.828936610000004,102,2.85412,102,14139.2,0.252417822
twlo,2018-06-30,56.02,10.67,1.91,1.9,1.98,2.14,2.34,2.57,2.65,2.75,2.83,2.87,2.92,2.99,5.250234302,10.01014776,18.3151392,2.18,3.09,3.24,2018,8.0,2017,1,4.4885497012499975,102,2.85412,102,14139.2,0.252417822
twou,2018-06-30,83.56,12.43,1.91,1.9,1.98,2.14,2.34,2.57,2.65,2.75,2.83,2.87,2.92,2.99,6.722445696,6.40072326,32.52903386,2.18,3.09,3.24,2018,13.3,2014,4,7.3051231714999965,102,2.85412,102,14139.2,0.252417822
wix,2018-06-30,100.3,9.09,1.91,1.9,1.98,2.14,2.34,2.57,2.65,2.75,2.83,2.87,2.92,2.99,11.03410341,7.636257026,35.86532504,2.18,3.09,3.24,2018,7.76,2014,4,7.967423581499997,102,2.85412,102,14139.2,0.252417822
wk,2018-06-30,24.4,4.59,1.91,1.9,1.98,2.14,2.34,2.57,2.65,2.75,2.83,2.87,2.92,2.99,5.315904139,3.402186003,13.29433494,2.18,3.09,3.24,2018,4.61,2015,3,3.170389335749997,102,2.85412,102,14139.2,0.252417822
akam,2018-09-30,73.15,4.71,2.18,2.13,2.23,2.4,2.6,2.82,2.9,2.96,3.04,3.09,3.18,3.24,15.53078556,2.223660265,9.97785343,2.4,2.69,3.02,2018,4.82,2010,8,2.4081879535,105,2.49203,105,14222.5,0.067544273
appf,2018-09-30,78.4,15.62,2.18,2.13,2.23,2.4,2.6,2.82,2.9,2.96,3.04,3.09,3.18,3.24,5.019206146,7.032621657,29.90270755,2.4,2.69,3.02,2018,13.04,2016,2,6.7594822085,105,2.49203,105,14222.5,0.067544273
bl,2018-09-30,56.47,13.97,2.18,2.13,2.23,2.4,2.6,2.82,2.9,2.96,3.04,3.09,3.18,3.24,4.042233357,5.732836605,20.12967832,2.4,2.69,3.02,2018,11.36,2017,1,4.72259736575,105,2.49203,105,14222.5,0.067544273
cdns,2018-09-30,45.32,6.15,2.18,2.13,2.23,2.4,2.6,2.82,2.9,2.96,3.04,3.09,3.18,3.24,7.369105691,2.429037775,11.64745891,2.4,2.69,3.02,2018,6.02,2010,8,2.795517381749993,105,2.49203,105,14222.5,0.067544273
cflt,2018-09-30,87.84,7.1,2.18,2.13,2.23,2.4,2.6,2.82,2.9,2.96,3.04,3.09,3.18,3.24,12.37183099,3.556697456,22.11458977,2.4,2.69,3.02,2018,6.97,2016,2,5.125853016999994,105,2.49203,105,14222.5,0.067544273
evbg,2018-09-30,57.64,12.31,2.18,2.13,2.23,2.4,2.6,2.82,2.9,2.96,3.04,3.09,3.18,3.24,4.682372055,8.024357411,17.50237217,2.4,2.69,3.02,2018,10.94,2017,1,4.285097229749992,105,2.49203,105,14222.5,0.067544273
fivn,2018-09-30,43.69,10.34,2.18,2.13,2.23,2.4,2.6,2.82,2.9,2.96,3.04,3.09,3.18,3.24,4.225338491,6.947387327,23.04751422,2.4,2.69,3.02,2018,8.75,2015,3,5.325982059749991,105,2.49203,105,14222.5,0.067544273
ftnt,2018-09-30,18.45,9.43,2.18,2.13,2.23,2.4,2.6,2.82,2.9,2.96,3.04,3.09,3.18,3.24,1.956521739,5.266822153,20.88411861,2.4,2.69,3.02,2018,6.72,2010,8,4.859731364249991,105,2.49203,105,14222.5,0.067544273
hubs,2018-09-30,150.95,12.06,2.18,2.13,2.23,2.4,2.6,2.82,2.9,2.96,3.04,3.09,3.18,3.24,12.51658375,6.500756452,31.64378386,2.4,2.69,3.02,2018,10.67,2015,3,7.115875750999991,105,2.49203,105,14222.5,0.067544273
lspd,2018-09-30,99.01,13.77,2.18,2.13,2.23,2.4,2.6,2.82,2.9,2.96,3.04,3.09,3.18,3.24,7.1902687,4.867805992,29.03050739,2.4,2.69,3.02,2018,8.99,2016,2,6.590703256999994,105,2.49203,105,14222.5,0.067544273
msft,2018-09-30,109.44,7.4,2.18,2.13,2.23,2.4,2.6,2.82,2.9,2.96,3.04,3.09,3.18,3.24,14.78918919,4.153651524,16.59000903,2.4,2.69,3.02,2018,6.62,2010,8,3.912610807249993,105,2.49203,105,14222.5,0.067544273
newr,2018-09-30,94.23,12.71,2.18,2.13,2.23,2.4,2.6,2.82,2.9,2.96,3.04,3.09,3.18,3.24,7.413847364,6.943955916,28.77465803,2.4,2.69,3.02,2018,14.51,2015,3,6.526858159999993,105,2.49203,105,14222.5,0.067544273
now,2018-09-30,195.63,14.64,2.18,2.13,2.23,2.4,2.6,2.82,2.9,2.96,3.04,3.09,3.18,3.24,13.36270492,4.983273404,28.70400721,2.4,2.69,3.02,2018,13.55,2013,5,6.523073468499993,105,2.49203,105,14222.5,0.067544273
payc,2018-09-30,155.41,17.21,2.18,2.13,2.23,2.4,2.6,2.82,2.9,2.96,3.04,3.09,3.18,3.24,9.030214991,6.538810886,30.46588628,2.4,2.69,3.02,2018,11.66,2014,4,6.876051505999994,105,2.49203,105,14222.5,0.067544273
pcty,2018-09-30,80.32,11.15,2.18,2.13,2.23,2.4,2.6,2.82,2.9,2.96,3.04,3.09,3.18,3.24,7.203587444,4.639267152,21.87962369,2.4,2.69,3.02,2018,8.55,2014,4,5.074782847249995,105,2.49203,105,14222.5,0.067544273
pypl,2018-09-30,87.84,7.1,2.18,2.13,2.23,2.4,2.6,2.82,2.9,2.96,3.04,3.09,3.18,3.24,12.37183099,3.556697456,22.11458977,2.4,2.69,3.02,2018,6.97,2016,2,5.125853016999994,105,2.49203,105,14222.5,0.067544273
qlys,2018-09-30,89.1,13.86,2.18,2.13,2.23,2.4,2.6,2.82,2.9,2.96,3.04,3.09,3.18,3.24,6.428571429,3.558718861,14.67181467,2.4,2.69,3.02,2018,13.58,2012,6,3.482105525499994,105,2.49203,105,14222.5,0.067544273
qtwo,2018-09-30,60.55,11.35,2.18,2.13,2.23,2.4,2.6,2.82,2.9,2.96,3.04,3.09,3.18,3.24,5.334801762,3.79719467,17.71147225,2.4,2.69,3.02,2018,11.1,2014,4,4.161160392749994,105,2.49203,105,14222.5,0.067544273
rng,2018-09-30,93.05,11.66,2.18,2.13,2.23,2.4,2.6,2.82,2.9,2.96,3.04,3.09,3.18,3.24,7.980274443,8.218647025,30.93384415,2.4,2.69,3.02,2018,9.54,2014,4,6.972748935999993,105,2.49203,105,14222.5,0.067544273
sap,2018-09-30,114.26,4.52,2.18,2.13,2.23,2.4,2.6,2.82,2.9,2.96,3.04,3.09,3.18,3.24,25.27876106,1.406794655,20.6148675,2.4,2.69,3.02,2018,4.31,2010,8,4.936553408499994,105,2.49203,105,14222.5,0.067544273
shop,2018-09-30,16.45,17.75,2.18,2.13,2.23,2.4,2.6,2.82,2.9,2.96,3.04,3.09,3.18,3.24,0.926760563,9.381884177,46.92933567,2.4,2.69,3.02,2018,17.22,2016,2,10.104795617749993,105,2.49203,105,14222.5,0.067544273
sq,2018-09-30,99.01,13.77,2.18,2.13,2.23,2.4,2.6,2.82,2.9,2.96,3.04,3.09,3.18,3.24,7.1902687,4.867805992,29.03050739,2.4,2.69,3.02,2018,8.99,2016,2,6.590703256999995,105,2.49203,105,14222.5,0.067544273
team,2018-09-30,96.14,23.47,2.18,2.13,2.23,2.4,2.6,2.82,2.9,2.96,3.04,3.09,3.18,3.24,4.09629314,7.190268351,40.66076302,2.4,2.69,3.02,2018,16.36,2015,3,8.928419047999997,105,2.49203,105,14222.5,0.067544273
ttd,2018-09-30,15.09,16.25,2.18,2.13,2.23,2.4,2.6,2.82,2.9,2.96,3.04,3.09,3.18,3.24,0.928615385,8.89945875,7.507992495,2.4,2.69,3.02,2018,11.0,2017,1,2.6725209599999973,105,2.49203,105,14222.5,0.067544273
twlo,2018-09-30,86.28,14.66,2.18,2.13,2.23,2.4,2.6,2.82,2.9,2.96,3.04,3.09,3.18,3.24,5.885402456,12.09790111,25.98901739,2.4,2.69,3.02,2018,10.67,2017,1,6.195495387999998,105,2.49203,105,14222.5,0.067544273
twou,2018-09-30,75.19,10.52,2.18,2.13,2.23,2.4,2.6,2.82,2.9,2.96,3.04,3.09,3.18,3.24,7.147338403,6.320507838,32.38646078,2.4,2.69,3.02,2018,12.43,2014,4,7.276497808749997,105,2.49203,105,14222.5,0.067544273
wix,2018-09-30,119.7,10.13,2.18,2.13,2.23,2.4,2.6,2.82,2.9,2.96,3.04,3.09,3.18,3.24,11.81638697,7.089688486,34.69201013,2.4,2.69,3.02,2018,9.09,2014,4,7.734206466749996,105,2.49203,105,14222.5,0.067544273
wk,2018-09-30,39.5,7.24,2.18,2.13,2.23,2.4,2.6,2.82,2.9,2.96,3.04,3.09,3.18,3.24,5.455801105,2.631668327,12.77938975,2.4,2.69,3.02,2018,4.59,2015,3,3.0532365379999966,105,2.49203,105,14222.5,0.067544273
akam,2018-12-31,61.08,3.83,2.4,2.44,2.45,2.56,2.63,2.48,2.46,2.51,2.59,2.69,2.87,3.02,15.94778068,2.684958301,11.07540971,2.41,2.49,2.89,2018,4.71,2010,8,2.66185013025,108,1.55068,108,14430.0,0.46857485
appf,2018-12-31,59.22,11.05,2.4,2.44,2.45,2.56,2.63,2.48,2.46,2.51,2.59,2.69,2.87,3.02,5.359276018,6.775371687,30.55971215,2.41,2.49,2.89,2018,15.62,2016,2,6.8938113770000005,108,1.55068,108,14430.0,0.46857485
ayx,2018-12-31,59.47,14.97,2.4,2.44,2.45,2.56,2.63,2.48,2.46,2.51,2.59,2.69,2.87,3.02,3.97261189,19.50472056,50.44675818,2.41,2.49,2.89,2018,17.21,2017,1,11.00185150225,108,1.55068,108,14430.0,0.46857485
bl,2018-12-31,40.95,9.66,2.4,2.44,2.45,2.56,2.63,2.48,2.46,2.51,2.59,2.69,2.87,3.02,4.239130435,4.870997298,25.49376988,2.41,2.49,2.89,2018,13.97,2017,1,5.84324589025,108,1.55068,108,14430.0,0.46857485
cdns,2018-12-31,43.48,5.72,2.4,2.44,2.45,2.56,2.63,2.48,2.46,2.51,2.59,2.69,2.87,3.02,7.601398601,3.152253748,11.05821486,2.41,2.49,2.89,2018,6.15,2010,8,2.658693077499993,108,1.55068,108,14430.0,0.46857485
cflt,2018-12-31,84.09,6.56,2.4,2.44,2.45,2.56,2.63,2.48,2.46,2.51,2.59,2.69,2.87,3.02,12.81859756,3.611159703,19.27111287,2.41,2.49,2.89,2018,7.1,2016,2,4.508318870249993,108,1.55068,108,14430.0,0.46857485
evbg,2018-12-31,56.76,11.19,2.4,2.44,2.45,2.56,2.63,2.48,2.46,2.51,2.59,2.69,2.87,3.02,5.072386059,8.329410802,35.00193044,2.41,2.49,2.89,2018,12.31,2017,1,7.795633765999991,108,1.55068,108,14430.0,0.46857485
fivn,2018-12-31,43.72,9.8,2.4,2.44,2.45,2.56,2.63,2.48,2.46,2.51,2.59,2.69,2.87,3.02,4.46122449,5.582653295,23.9029792,2.41,2.49,2.89,2018,10.34,2015,3,5.508225986499991,108,1.55068,108,14430.0,0.46857485
ftnt,2018-12-31,14.09,6.79,2.4,2.44,2.45,2.56,2.63,2.48,2.46,2.51,2.59,2.69,2.87,3.02,2.075110457,6.061201113,23.93680301,2.41,2.49,2.89,2018,9.43,2010,8,5.512829084999991,108,1.55068,108,14430.0,0.46857485
hubs,2018-12-31,125.73,9.41,2.4,2.44,2.45,2.56,2.63,2.48,2.46,2.51,2.59,2.69,2.87,3.02,13.36131775,6.748918205,30.5902549,2.41,2.49,2.89,2018,12.06,2015,3,6.900578146999991,108,1.55068,108,14430.0,0.46857485
lspd,2018-12-31,56.09,7.13,2.4,2.44,2.45,2.56,2.63,2.48,2.46,2.51,2.59,2.69,2.87,3.02,7.866760168,9.408430984,33.87333427,2.41,2.49,2.89,2018,13.77,2016,2,7.580157380999994,108,1.55068,108,14430.0,0.46857485
msft,2018-12-31,97.62,6.41,2.4,2.44,2.45,2.56,2.63,2.48,2.46,2.51,2.59,2.69,2.87,3.02,15.22932917,2.976092728,15.90196067,2.41,2.49,2.89,2018,7.4,2010,8,3.759782218749993,108,1.55068,108,14430.0,0.46857485
newr,2018-12-31,80.97,10.22,2.4,2.44,2.45,2.56,2.63,2.48,2.46,2.51,2.59,2.69,2.87,3.02,7.922700587,6.863551376,29.46216642,2.41,2.49,2.89,2018,12.71,2015,3,6.668732790249993,108,1.55068,108,14430.0,0.46857485
now,2018-12-31,178.05,12.56,2.4,2.44,2.45,2.56,2.63,2.48,2.46,2.51,2.59,2.69,2.87,3.02,14.17595541,6.085972121,26.11479623,2.41,2.49,2.89,2018,14.64,2013,5,5.978571609749993,108,1.55068,108,14430.0,0.46857485
payc,2018-12-31,122.45,12.68,2.4,2.44,2.45,2.56,2.63,2.48,2.46,2.51,2.59,2.69,2.87,3.02,9.656940063,6.940311747,31.0352878,2.41,2.49,2.89,2018,17.21,2014,4,6.992226272249994,108,1.55068,108,14430.0,0.46857485
pcty,2018-12-31,60.21,7.94,2.4,2.44,2.45,2.56,2.63,2.48,2.46,2.51,2.59,2.69,2.87,3.02,7.583123426,5.268707914,23.49106851,2.41,2.49,2.89,2018,11.15,2014,4,5.418197791749996,108,1.55068,108,14430.0,0.46857485
pypl,2018-12-31,84.09,6.56,2.4,2.44,2.45,2.56,2.63,2.48,2.46,2.51,2.59,2.69,2.87,3.02,12.81859756,3.611159703,19.27111287,2.41,2.49,2.89,2018,7.1,2016,2,4.508318870249994,108,1.55068,108,14430.0,0.46857485
qlys,2018-12-31,74.74,11.27,2.4,2.44,2.45,2.56,2.63,2.48,2.46,2.51,2.59,2.69,2.87,3.02,6.63176575,3.160800552,14.08648409,2.41,2.49,2.89,2018,13.86,2012,6,3.349786670499994,108,1.55068,108,14430.0,0.46857485
qtwo,2018-12-31,49.55,8.77,2.4,2.44,2.45,2.56,2.63,2.48,2.46,2.51,2.59,2.69,2.87,3.02,5.649942987,5.907271524,19.74506033,2.41,2.49,2.89,2018,11.35,2014,4,4.610806841749994,108,1.55068,108,14430.0,0.46857485
rng,2018-12-31,82.44,9.7,2.4,2.44,2.45,2.56,2.63,2.48,2.46,2.51,2.59,2.69,2.87,3.02,8.498969072,6.499709169,30.6453097,2.41,2.49,2.89,2018,11.66,2014,4,6.913946912749993,108,1.55068,108,14430.0,0.46857485
sap,2018-12-31,92.48,3.79,2.4,2.44,2.45,2.56,2.63,2.48,2.46,2.51,2.59,2.69,2.87,3.02,24.40105541,-3.472107082,1.760015266,2.41,2.49,2.89,2018,4.52,2010,8,0.4652019829999938,108,1.55068,108,14430.0,0.46857485
shop,2018-12-31,13.85,13.58,2.4,2.44,2.45,2.56,2.63,2.48,2.46,2.51,2.59,2.69,2.87,3.02,1.01988218,10.04807714,43.99524636,2.41,2.49,2.89,2018,17.75,2016,2,9.544202655249991,108,1.55068,108,14430.0,0.46857485
sq,2018-12-31,56.09,7.13,2.4,2.44,2.45,2.56,2.63,2.48,2.46,2.51,2.59,2.69,2.87,3.02,7.866760168,9.408430984,33.87333427,2.41,2.49,2.89,2018,13.77,2016,2,7.580157380999995,108,1.55068,108,14430.0,0.46857485
team,2018-12-31,88.98,20.35,2.4,2.44,2.45,2.56,2.63,2.48,2.46,2.51,2.59,2.69,2.87,3.02,4.372481572,6.742399112,32.94188261,2.41,2.49,2.89,2018,23.47,2015,3,7.378997980999996,108,1.55068,108,14430.0,0.46857485
ttd,2018-12-31,11.61,11.09,2.4,2.44,2.45,2.56,2.63,2.48,2.46,2.51,2.59,2.69,2.87,3.02,1.046889089,12.73656528,49.58830969,2.41,2.49,2.89,2018,16.25,2017,1,10.600932004999995,108,1.55068,108,14430.0,0.46857485
twlo,2018-12-31,89.3,13.28,2.4,2.44,2.45,2.56,2.63,2.48,2.46,2.51,2.59,2.69,2.87,3.02,6.72439759,14.25552698,53.00853839,2.41,2.49,2.89,2018,14.66,2017,1,11.239543326999996,108,1.55068,108,14430.0,0.46857485
twou,2018-12-31,49.72,6.68,2.4,2.44,2.45,2.56,2.63,2.48,2.46,2.51,2.59,2.69,2.87,3.02,7.443113772,4.138258926,25.41721703,2.41,2.49,2.89,2018,10.52,2014,4,5.829796694499997,108,1.55068,108,14430.0,0.46857485
wix,2018-12-31,90.34,7.15,2.4,2.44,2.45,2.56,2.63,2.48,2.46,2.51,2.59,2.69,2.87,3.02,12.63496503,6.927481875,34.80223339,2.41,2.49,2.89,2018,10.13,2014,4,7.756064218999996,108,1.55068,108,14430.0,0.46857485
wk,2018-12-31,35.89,6.38,2.4,2.44,2.45,2.56,2.63,2.48,2.46,2.51,2.59,2.69,2.87,3.02,5.62539185,3.108448077,12.24496821,2.41,2.49,2.89,2018,7.24,2015,3,2.9305063699999963,108,1.55068,108,14430.0,0.46857485
akam,2019-03-31,71.71,4.39,2.41,2.42,2.43,2.46,2.41,2.33,2.29,2.31,2.4,2.49,2.71,2.89,16.33485194,2.427116758,10.00365209,2.39,2.03,2.55,2019,3.83,2010,9,2.41236513475,111,1.99179,111,14541.0,0.214336419
appf,2019-03-31,79.4,13.75,2.41,2.42,2.43,2.46,2.41,2.33,2.29,2.31,2.4,2.49,2.71,2.89,5.774545455,7.748610727,31.7472794,2.39,2.03,2.55,2019,11.05,2016,3,7.136622314,111,1.99179,111,14541.0,0.214336419
appn,2019-03-31,34.43,9.15,2.41,2.42,2.43,2.46,2.41,2.33,2.29,2.31,2.4,2.49,2.71,2.89,3.76284153,2.418037902,3.859208236,2.39,2.03,2.55,2019,7.27,2018,1,0.9747963320000002,111,1.99179,111,14541.0,0.214336419
ayx,2019-03-31,83.87,19.47,2.41,2.42,2.43,2.46,2.41,2.33,2.29,2.31,2.4,2.49,2.71,2.89,4.307652799,8.433768965,64.40748674,2.39,2.03,2.55,2019,14.97,2017,2,13.30377589375,111,1.99179,111,14541.0,0.214336419
bl,2019-03-31,46.32,10.42,2.41,2.42,2.43,2.46,2.41,2.33,2.29,2.31,2.4,2.49,2.71,2.89,4.445297505,4.863428318,23.57496252,2.39,2.03,2.55,2019,9.66,2017,2,5.43617977675,111,1.99179,111,14541.0,0.214336419
cdns,2019-03-31,63.51,8.12,2.41,2.42,2.43,2.46,2.41,2.33,2.29,2.31,2.4,2.49,2.71,2.89,7.821428571,2.894598502,10.61035782,2.39,2.03,2.55,2019,5.72,2010,9,2.5545390204999934,111,1.99179,111,14541.0,0.214336419
cflt,2019-03-31,103.84,7.83,2.41,2.42,2.43,2.46,2.41,2.33,2.29,2.31,2.4,2.49,2.71,2.89,13.26181354,3.45760115,17.11368222,2.39,2.03,2.55,2019,6.56,2016,3,4.031853194249994,111,1.99179,111,14541.0,0.214336419
evbg,2019-03-31,75.01,14.08,2.41,2.42,2.43,2.46,2.41,2.33,2.29,2.31,2.4,2.49,2.71,2.89,5.327414773,5.027785953,33.47648488,2.39,2.03,2.55,2019,11.19,2017,2,7.495554373999992,111,1.99179,111,14541.0,0.214336419
fivn,2019-03-31,52.83,11.3,2.41,2.42,2.43,2.46,2.41,2.33,2.29,2.31,2.4,2.49,2.71,2.89,4.675221239,4.796816426,24.13897281,2.39,2.03,2.55,2019,9.8,2015,4,5.558031818249992,111,1.99179,111,14541.0,0.214336419
ftnt,2019-03-31,16.79,7.8,2.41,2.42,2.43,2.46,2.41,2.33,2.29,2.31,2.4,2.49,2.71,2.89,2.152564103,3.732507143,22.68812189,2.39,2.03,2.55,2019,6.79,2010,9,5.248889876249992,111,1.99179,111,14541.0,0.214336419
hubs,2019-03-31,166.21,11.81,2.41,2.42,2.43,2.46,2.41,2.33,2.29,2.31,2.4,2.49,2.71,2.89,14.07366638,5.33142502,28.0014902,2.39,2.03,2.55,2019,9.41,2015,4,6.368009590999991,111,1.99179,111,14541.0,0.214336419
lspd,2019-03-31,74.92,8.85,2.41,2.42,2.43,2.46,2.41,2.33,2.29,2.31,2.4,2.49,2.71,2.89,8.465536723,7.611475907,34.38179229,2.39,2.03,2.55,2019,7.13,2016,3,7.681949291999993,111,1.99179,111,14541.0,0.214336419
msft,2019-03-31,113.84,7.24,2.41,2.42,2.43,2.46,2.41,2.33,2.29,2.31,2.4,2.49,2.71,2.89,15.72375691,3.24654965,15.61852879,2.39,2.03,2.55,2019,6.41,2010,9,3.6965065407499926,111,1.99179,111,14541.0,0.214336419
newr,2019-03-31,98.7,11.69,2.41,2.42,2.43,2.46,2.41,2.33,2.29,2.31,2.4,2.49,2.71,2.89,8.443113772,6.568633759,29.85900837,2.39,2.03,2.55,2019,10.22,2015,4,6.7501497537499935,111,1.99179,111,14541.0,0.214336419
now,2019-03-31,246.49,15.99,2.41,2.42,2.43,2.46,2.41,2.33,2.29,2.31,2.4,2.49,2.71,2.89,15.41525954,8.742296988,30.62673842,2.39,2.03,2.55,2019,12.56,2013,6,6.917581041249993,111,1.99179,111,14541.0,0.214336419
payc,2019-03-31,189.13,18.07,2.41,2.42,2.43,2.46,2.41,2.33,2.29,2.31,2.4,2.49,2.71,2.89,10.46651909,8.383390847,31.67210442,2.39,2.03,2.55,2019,12.68,2014,5,7.123272148249994,111,1.99179,111,14541.0,0.214336419
pcty,2019-03-31,89.19,11.1,2.41,2.42,2.43,2.46,2.41,2.33,2.29,2.31,2.4,2.49,2.71,2.89,8.035135135,5.960758965,23.12280072,2.39,2.03,2.55,2019,7.94,2014,5,5.338964022749995,111,1.99179,111,14541.0,0.214336419
pypl,2019-03-31,103.84,7.83,2.41,2.42,2.43,2.46,2.41,2.33,2.29,2.31,2.4,2.49,2.71,2.89,13.26181354,3.45760115,17.11368222,2.39,2.03,2.55,2019,6.56,2016,3,4.031853194249995,111,1.99179,111,14541.0,0.214336419
qlys,2019-03-31,82.74,12.0,2.41,2.42,2.43,2.46,2.41,2.33,2.29,2.31,2.4,2.49,2.71,2.89,6.895,3.969293551,15.05883162,2.39,2.03,2.55,2019,11.27,2012,7,3.569444484249994,111,1.99179,111,14541.0,0.214336419
qtwo,2019-03-31,69.26,11.58,2.41,2.42,2.43,2.46,2.41,2.33,2.29,2.31,2.4,2.49,2.71,2.89,5.981001727,5.859505846,21.45832267,2.39,2.03,2.55,2019,8.77,2014,5,4.984114122249994,111,1.99179,111,14541.0,0.214336419
rng,2019-03-31,107.8,11.9,2.41,2.42,2.43,2.46,2.41,2.33,2.29,2.31,2.4,2.49,2.71,2.89,9.058823529,6.587321974,30.96062992,2.39,2.03,2.55,2019,9.7,2014,5,6.978105769999994,111,1.99179,111,14541.0,0.214336419
sap,2019-03-31,107.26,4.32,2.41,2.42,2.43,2.46,2.41,2.33,2.29,2.31,2.4,2.49,2.71,2.89,24.8287037,1.752581139,2.37843135,2.39,2.03,2.55,2019,3.79,2010,9,0.6188608932499937,111,1.99179,111,14541.0,0.214336419
shop,2019-03-31,20.66,18.81,2.41,2.42,2.43,2.46,2.41,2.33,2.29,2.31,2.4,2.49,2.71,2.89,1.09835194,7.694002537,41.39297853,2.39,2.03,2.55,2019,13.58,2016,3,9.048688944249994,111,1.99179,111,14541.0,0.214336419
sq,2019-03-31,74.92,8.85,2.41,2.42,2.43,2.46,2.41,2.33,2.29,2.31,2.4,2.49,2.71,2.89,8.465536723,7.611475907,34.38179229,2.39,2.03,2.55,2019,7.13,2016,3,7.681949291999994,111,1.99179,111,14541.0,0.214336419
team,2019-03-31,112.39,23.92,2.41,2.42,2.43,2.46,2.41,2.33,2.29,2.31,2.4,2.49,2.71,2.89,4.698578595,7.457939329,32.71393176,2.39,2.03,2.55,2019,20.35,2015,4,7.332855259499997,111,1.99179,111,14541.0,0.214336419
ttd,2019-03-31,19.8,17.84,2.41,2.42,2.43,2.46,2.41,2.33,2.29,2.31,2.4,2.49,2.71,2.89,1.109865471,6.0155734,44.10350065,2.39,2.03,2.55,2019,11.09,2017,2,9.592151557499998,111,1.99179,111,14541.0,0.214336419
twlo,2019-03-31,129.18,17.55,2.41,2.42,2.43,2.46,2.41,2.33,2.29,2.31,2.4,2.49,2.71,2.89,7.360683761,9.462352007,54.23119457,2.39,2.03,2.55,2019,13.28,2017,2,11.45648196425,111,1.99179,111,14541.0,0.214336419
twou,2019-03-31,70.85,9.09,2.41,2.42,2.43,2.46,2.41,2.33,2.29,2.31,2.4,2.49,2.71,2.89,7.794279428,4.717993923,23.36536522,2.39,2.03,2.55,2019,6.68,2014,5,5.394370986749997,111,1.99179,111,14541.0,0.214336419
wix,2019-03-31,120.83,9.15,2.41,2.42,2.43,2.46,2.41,2.33,2.29,2.31,2.4,2.49,2.71,2.89,13.20546448,4.515243567,28.81760449,2.39,2.03,2.55,2019,7.15,2014,5,6.542167738499996,111,1.99179,111,14541.0,0.214336419
wk,2019-03-31,50.7,8.78,2.41,2.42,2.43,2.46,2.41,2.33,2.29,2.31,2.4,2.49,2.71,2.89,5.774487472,2.650404203,12.32230905,2.39,2.03,2.55,2019,6.38,2015,4,2.9481766524999964,111,1.99179,111,14541.0,0.214336419
akam,2019-06-30,80.14,4.78,2.39,2.17,2.21,2.1,1.94,1.78,1.74,1.79,1.9,2.03,2.34,2.55,16.76569038,2.637541142,10.35180611,1.9,1.68,2.12,2019,4.39,2010,9,2.4933191165,114,1.77976,114,14840.6,0.561740651
appf,2019-06-30,102.27,16.4,2.39,2.17,2.21,2.1,1.94,1.78,1.74,1.79,1.9,2.03,2.34,2.55,6.23597561,7.990761504,32.97975789,1.9,1.68,2.12,2019,13.75,2016,3,7.38684139375,114,1.77976,114,14840.6,0.561740651
appn,2019-06-30,36.07,9.51,2.39,2.17,2.21,2.1,1.94,1.78,1.74,1.79,1.9,2.03,2.34,2.55,3.792849632,0.797485136,5.729879121,1.9,1.68,2.12,2019,9.15,2018,1,1.42064693325,114,1.77976,114,14840.6,0.561740651
ayx,2019-06-30,109.12,22.88,2.39,2.17,2.21,2.1,1.94,1.78,1.74,1.79,1.9,2.03,2.34,2.55,4.769230769,10.71530115,61.7239155,1.9,1.68,2.12,2019,19.47,2017,2,12.84448637375,114,1.77976,114,14840.6,0.561740651
bl,2019-06-30,53.51,11.46,2.39,2.17,2.21,2.1,1.94,1.78,1.74,1.79,1.9,2.03,2.34,2.55,4.669284468,5.038739537,22.13463402,1.9,1.68,2.12,2019,10.42,2017,2,5.1265004395,114,1.77976,114,14840.6,0.561740651
cdns,2019-06-30,70.81,8.81,2.39,2.17,2.21,2.1,1.94,1.78,1.74,1.79,1.9,2.03,2.34,2.55,8.037457435,2.762012864,11.71898813,1.9,1.68,2.12,2019,8.12,2010,9,2.809475722249993,114,1.77976,114,14840.6,0.561740651
cflt,2019-06-30,114.46,8.36,2.39,2.17,2.21,2.1,1.94,1.78,1.74,1.79,1.9,2.03,2.34,2.55,13.69138756,3.239180078,14.60186297,1.9,1.68,2.12,2019,7.83,2016,3,3.466159596749993,114,1.77976,114,14840.6,0.561740651
evbg,2019-06-30,89.42,16.11,2.39,2.17,2.21,2.1,1.94,1.78,1.74,1.79,1.9,2.03,2.34,2.55,5.550589696,4.189178666,28.05451555,1.9,1.68,2.12,2019,14.08,2017,2,6.392683207999992,114,1.77976,114,14840.6,0.561740651
fivn,2019-06-30,51.29,10.45,2.39,2.17,2.21,2.1,1.94,1.78,1.74,1.79,1.9,2.03,2.34,2.55,4.908133971,4.981854771,24.22959864,1.9,1.68,2.12,2019,11.3,2015,4,5.577177954749992,114,1.77976,114,14840.6,0.561740651
ftnt,2019-06-30,15.37,6.86,2.39,2.17,2.21,2.1,1.94,1.78,1.74,1.79,1.9,2.03,2.34,2.55,2.240524781,4.086320991,20.54704988,1.9,1.68,2.12,2019,7.8,2010,9,4.786712849999992,114,1.77976,114,14840.6,0.561740651
hubs,2019-06-30,170.52,11.56,2.39,2.17,2.21,2.1,1.94,1.78,1.74,1.79,1.9,2.03,2.34,2.55,14.75086505,4.811814128,25.51174649,1.9,1.68,2.12,2019,11.81,2015,4,5.848228451249991,114,1.77976,114,14840.6,0.561740651
lspd,2019-06-30,72.53,7.87,2.39,2.17,2.21,2.1,1.94,1.78,1.74,1.79,1.9,2.03,2.34,2.55,9.216010165,8.865042661,34.4126077,1.9,1.68,2.12,2019,8.85,2016,3,7.688188885999994,114,1.77976,114,14840.6,0.561740651
msft,2019-06-30,129.78,8.0,2.39,2.17,2.21,2.1,1.94,1.78,1.74,1.79,1.9,2.03,2.34,2.55,16.2225,3.171907941,14.24781915,1.9,1.68,2.12,2019,7.24,2010,9,3.3870504607499927,114,1.77976,114,14840.6,0.561740651
newr,2019-06-30,86.51,9.66,2.39,2.17,2.21,2.1,1.94,1.78,1.74,1.79,1.9,2.03,2.34,2.55,8.955486542,6.068528552,29.18193631,1.9,1.68,2.12,2019,11.69,2015,4,6.611167400749993,114,1.77976,114,14840.6,0.561740651
now,2019-06-30,274.57,16.82,2.39,2.17,2.21,2.1,1.94,1.78,1.74,1.79,1.9,2.03,2.34,2.55,16.32401902,5.89519421,28.24865646,1.9,1.68,2.12,2019,15.99,2013,6,6.426684180749993,114,1.77976,114,14840.6,0.561740651
payc,2019-06-30,226.72,20.3,2.39,2.17,2.21,2.1,1.94,1.78,1.74,1.79,1.9,2.03,2.34,2.55,11.16847291,6.706659662,31.76605696,1.9,1.68,2.12,2019,18.07,2014,5,7.142293285499994,114,1.77976,114,14840.6,0.561740651
pcty,2019-06-30,93.82,11.11,2.39,2.17,2.21,2.1,1.94,1.78,1.74,1.79,1.9,2.03,2.34,2.55,8.444644464,5.096483412,22.66685384,1.9,1.68,2.12,2019,11.1,2014,5,5.241304360749995,114,1.77976,114,14840.6,0.561740651
pypl,2019-06-30,114.46,8.36,2.39,2.17,2.21,2.1,1.94,1.78,1.74,1.79,1.9,2.03,2.34,2.55,13.69138756,3.239180078,14.60186297,1.9,1.68,2.12,2019,7.83,2016,3,3.466159596749994,114,1.77976,114,14840.6,0.561740651
qlys,2019-06-30,87.08,12.12,2.39,2.17,2.21,2.1,1.94,1.78,1.74,1.79,1.9,2.03,2.34,2.55,7.184818482,4.203313732,15.74120401,1.9,1.68,2.12,2019,12.0,2012,7,3.723031673999994,114,1.77976,114,14840.6,0.561740651
qtwo,2019-06-30,76.36,12.06,2.39,2.17,2.21,2.1,1.94,1.78,1.74,1.79,1.9,2.03,2.34,2.55,6.331674959,5.863118712,23.19297465,1.9,1.68,2.12,2019,11.58,2014,5,5.356772687999994,114,1.77976,114,14840.6,0.561740651
rng,2019-06-30,114.92,11.93,2.39,2.17,2.21,2.1,1.94,1.78,1.74,1.79,1.9,2.03,2.34,2.55,9.63285834,6.336747913,30.62895319,1.9,1.68,2.12,2019,11.9,2014,5,6.910606520249994,114,1.77976,114,14840.6,0.561740651
sap,2019-06-30,128.26,5.12,2.39,2.17,2.21,2.1,1.94,1.78,1.74,1.79,1.9,2.03,2.34,2.55,25.05078125,0.894438747,0.492244218,1.9,1.68,2.12,2019,4.32,2010,9,0.1454268647499938,114,1.77976,114,14840.6,0.561740651
shop,2019-06-30,30.02,25.21,2.39,2.17,2.21,2.1,1.94,1.78,1.74,1.79,1.9,2.03,2.34,2.55,1.190797303,8.41673409,40.54509631,1.9,1.68,2.12,2019,18.81,2016,3,8.885174485999993,114,1.77976,114,14840.6,0.561740651
sq,2019-06-30,72.53,7.87,2.39,2.17,2.21,2.1,1.94,1.78,1.74,1.79,1.9,2.03,2.34,2.55,9.216010165,8.865042661,34.4126077,1.9,1.68,2.12,2019,8.85,2016,3,7.688188885999994,114,1.77976,114,14840.6,0.561740651
team,2019-06-30,130.84,25.99,2.39,2.17,2.21,2.1,1.94,1.78,1.74,1.79,1.9,2.03,2.34,2.55,5.03424394,7.143976372,31.73421442,1.9,1.68,2.12,2019,23.92,2015,4,7.133645790999996,114,1.77976,114,14840.6,0.561740651
ttd,2019-06-30,22.78,19.05,2.39,2.17,2.21,2.1,1.94,1.78,1.74,1.79,1.9,2.03,2.34,2.55,1.195800525,7.742835176,40.23247094,1.9,1.68,2.12,2019,17.84,2017,2,8.848608151499997,114,1.77976,114,14840.6,0.561740651
twlo,2019-06-30,136.35,17.14,2.39,2.17,2.21,2.1,1.94,1.78,1.74,1.79,1.9,2.03,2.34,2.55,7.955075846,8.075229213,51.5184921,1.9,1.68,2.12,2019,17.55,2017,2,10.972752327499997,114,1.77976,114,14840.6,0.561740651
twou,2019-06-30,37.64,4.56,2.39,2.17,2.21,2.1,1.94,1.78,1.74,1.79,1.9,2.03,2.34,2.55,8.254385965,5.903131152,22.78843651,1.9,1.68,2.12,2019,9.09,2014,5,5.269972959749996,114,1.77976,114,14840.6,0.561740651
wix,2019-06-30,142.1,10.27,2.39,2.17,2.21,2.1,1.94,1.78,1.74,1.79,1.9,2.03,2.34,2.55,13.83641675,4.777963455,25.39683772,1.9,1.68,2.12,2019,9.15,2014,5,5.827594345749997,114,1.77976,114,14840.6,0.561740651
wk,2019-06-30,58.09,9.68,2.39,2.17,2.21,2.1,1.94,1.78,1.74,1.79,1.9,2.03,2.34,2.55,6.001033058,3.923215479,12.8882858,1.9,1.68,2.12,2019,8.78,2015,4,3.078434021499996,114,1.77976,114,14840.6,0.561740651
akam,2019-09-30,91.38,5.35,1.9,1.91,1.88,1.83,1.75,1.63,1.56,1.55,1.62,1.68,1.94,2.12,17.08037383,1.876948984,9.977526654,1.55,1.92,2.39,2019,4.78,2010,9,2.40664129625,117,1.76918,117,15140.8,0.884189204
appf,2019-09-30,95.14,14.1,1.9,1.91,1.88,1.83,1.75,1.63,1.56,1.55,1.62,1.68,1.94,2.12,6.74751773,8.203080845,34.43396295,1.55,1.92,2.39,2019,16.4,2016,3,7.679456190750001,117,1.76918,117,15140.8,0.884189204
appn,2019-09-30,47.5,12.1,1.9,1.91,1.88,1.83,1.75,1.63,1.56,1.55,1.62,1.68,1.94,2.12,3.925619835,3.500539584,5.43432124,1.55,1.92,2.39,2019,9.51,2018,1,1.34811267725,117,1.76918,117,15140.8,0.884189204
ayx,2019-09-30,107.43,19.78,1.9,1.91,1.88,1.83,1.75,1.63,1.56,1.55,1.62,1.68,1.94,2.12,5.43124368,13.88091588,63.38350593,1.55,1.92,2.39,2019,22.88,2017,2,13.13367663875,117,1.76918,117,15140.8,0.884189204
bl,2019-09-30,47.81,9.68,1.9,1.91,1.88,1.83,1.75,1.63,1.56,1.55,1.62,1.68,1.94,2.12,4.939049587,5.777440225,22.18615677,1.55,1.92,2.39,2019,11.46,2017,2,5.1376513445,117,1.76918,117,15140.8,0.884189204
cdns,2019-09-30,66.08,8.05,1.9,1.91,1.88,1.83,1.75,1.63,1.56,1.55,1.62,1.68,1.94,2.12,8.208695652,2.130502324,11.39337657,1.55,1.92,2.39,2019,8.81,2010,9,2.7348418594999933,117,1.76918,117,15140.8,0.884189204
cflt,2019-09-30,103.59,7.24,1.9,1.91,1.88,1.83,1.75,1.63,1.56,1.55,1.62,1.68,1.94,2.12,14.30801105,4.503732636,15.64990716,1.55,1.92,2.39,2019,8.36,2016,3,3.702918391749993,117,1.76918,117,15140.8,0.884189204
evbg,2019-09-30,61.71,10.64,1.9,1.91,1.88,1.83,1.75,1.63,1.56,1.55,1.62,1.68,1.94,2.12,5.79981203,4.490015438,23.86482667,1.55,1.92,2.39,2019,16.11,2017,2,5.509097714749992,117,1.76918,117,15140.8,0.884189204
fivn,2019-09-30,53.74,10.4,1.9,1.91,1.88,1.83,1.75,1.63,1.56,1.55,1.62,1.68,1.94,2.12,5.167307692,5.280494023,22.29334296,1.55,1.92,2.39,2019,10.45,2015,4,5.160454628749991,117,1.76918,117,15140.8,0.884189204
ftnt,2019-09-30,15.35,6.53,1.9,1.91,1.88,1.83,1.75,1.63,1.56,1.55,1.62,1.68,1.94,2.12,2.350689127,4.916899232,20.14633316,1.55,1.92,2.39,2019,6.86,2010,9,4.699232119749992,117,1.76918,117,15140.8,0.884189204
hubs,2019-09-30,151.61,9.82,1.9,1.91,1.88,1.83,1.75,1.63,1.56,1.55,1.62,1.68,1.94,2.12,15.4389002,4.664371543,23.34755645,1.55,1.92,2.39,2019,11.56,2015,4,5.389132223999991,117,1.76918,117,15140.8,0.884189204
lspd,2019-09-30,61.95,6.15,1.9,1.91,1.88,1.83,1.75,1.63,1.56,1.55,1.62,1.68,1.94,2.12,10.07317073,9.300777138,40.09449649,1.55,1.92,2.39,2019,7.87,2016,3,8.796431672499994,117,1.76918,117,15140.8,0.884189204
msft,2019-09-30,134.69,8.03,1.9,1.91,1.88,1.83,1.75,1.63,1.56,1.55,1.62,1.68,1.94,2.12,16.77334994,3.395592157,13.41629161,1.55,1.92,2.39,2019,8.0,2010,9,3.197535618999993,117,1.76918,117,15140.8,0.884189204
newr,2019-09-30,61.45,6.52,1.9,1.91,1.88,1.83,1.75,1.63,1.56,1.55,1.62,1.68,1.94,2.12,9.424846626,5.241033875,27.12490779,1.55,1.92,2.39,2019,9.66,2015,4,6.185436890499993,117,1.76918,117,15140.8,0.884189204
now,2019-09-30,253.85,14.67,1.9,1.91,1.88,1.83,1.75,1.63,1.56,1.55,1.62,1.68,1.94,2.12,17.30402181,6.003440616,29.49490331,1.55,1.92,2.39,2019,16.82,2013,6,6.681725983749993,117,1.76918,117,15140.8,0.884189204
payc,2019-09-30,209.49,17.62,1.9,1.91,1.88,1.83,1.75,1.63,1.56,1.55,1.62,1.68,1.94,2.12,11.88933031,6.454395387,31.66165277,1.55,1.92,2.39,2019,20.3,2014,5,7.121189410749993,117,1.76918,117,15140.8,0.884189204
pcty,2019-09-30,97.58,10.95,1.9,1.91,1.88,1.83,1.75,1.63,1.56,1.55,1.62,1.68,1.94,2.12,8.911415525,5.527421109,23.70802179,1.55,1.92,2.39,2019,11.11,2014,5,5.463342849999995,117,1.76918,117,15140.8,0.884189204
pypl,2019-09-30,103.59,7.24,1.9,1.91,1.88,1.83,1.75,1.63,1.56,1.55,1.62,1.68,1.94,2.12,14.30801105,4.503732636,15.64990716,1.55,1.92,2.39,2019,8.36,2016,3,3.7029183917499937,117,1.76918,117,15140.8,0.884189204
qlys,2019-09-30,75.57,10.08,1.9,1.91,1.88,1.83,1.75,1.63,1.56,1.55,1.62,1.68,1.94,2.12,7.49702381,4.345347464,16.62037037,1.55,1.92,2.39,2019,12.12,2012,7,3.919688824749994,117,1.76918,117,15140.8,0.884189204
qtwo,2019-09-30,78.87,11.96,1.9,1.91,1.88,1.83,1.75,1.63,1.56,1.55,1.62,1.68,1.94,2.12,6.594481605,4.15066548,23.61249582,1.55,1.92,2.39,2019,12.06,2014,5,5.4451403904999935,117,1.76918,117,15140.8,0.884189204
rng,2019-09-30,125.66,12.24,1.9,1.91,1.88,1.83,1.75,1.63,1.56,1.55,1.62,1.68,1.94,2.12,10.26633987,6.576257084,28.64645124,1.55,1.92,2.39,2019,11.93,2014,5,6.5000090349999935,117,1.76918,117,15140.8,0.884189204
sap,2019-09-30,110.52,4.33,1.9,1.91,1.88,1.83,1.75,1.63,1.56,1.55,1.62,1.68,1.94,2.12,25.52424942,1.89003356,0.97112497,1.55,1.92,2.39,2019,5.12,2010,9,0.2662365909999938,117,1.76918,117,15140.8,0.884189204
shop,2019-09-30,31.17,24.29,1.9,1.91,1.88,1.83,1.75,1.63,1.56,1.55,1.62,1.68,1.94,2.12,1.283244133,7.763439716,38.46555239,1.55,1.92,2.39,2019,25.21,2016,3,8.480563370749994,117,1.76918,117,15140.8,0.884189204
sq,2019-09-30,61.95,6.15,1.9,1.91,1.88,1.83,1.75,1.63,1.56,1.55,1.62,1.68,1.94,2.12,10.07317073,9.300777138,40.09449649,1.55,1.92,2.39,2019,7.87,2016,3,8.796431672499995,117,1.76918,117,15140.8,0.884189204
team,2019-09-30,125.44,23.44,1.9,1.91,1.88,1.83,1.75,1.63,1.56,1.55,1.62,1.68,1.94,2.12,5.351535836,6.302672258,30.64338056,1.55,1.92,2.39,2019,25.99,2015,4,6.911746767749996,117,1.76918,117,15140.8,0.884189204
ttd,2019-09-30,18.76,14.63,1.9,1.91,1.88,1.83,1.75,1.63,1.56,1.55,1.62,1.68,1.94,2.12,1.282296651,7.233323952,38.0869488,1.55,1.92,2.39,2019,19.05,2017,2,8.432074451999997,117,1.76918,117,15140.8,0.884189204
twlo,2019-09-30,109.96,13.1,1.9,1.91,1.88,1.83,1.75,1.63,1.56,1.55,1.62,1.68,1.94,2.12,8.39389313,5.516192332,42.62224534,1.55,1.92,2.39,2019,17.14,2017,2,9.327325132999997,117,1.76918,117,15140.8,0.884189204
twou,2019-09-30,16.28,1.84,1.9,1.91,1.88,1.83,1.75,1.63,1.56,1.55,1.62,1.68,1.94,2.12,8.847826087,7.189391489,23.7919011,1.55,1.92,2.39,2019,4.56,2014,5,5.487193872499996,117,1.76918,117,15140.8,0.884189204
wix,2019-09-30,116.74,8.05,1.9,1.91,1.88,1.83,1.75,1.63,1.56,1.55,1.62,1.68,1.94,2.12,14.50186335,4.809385395,22.72671326,1.55,1.92,2.39,2019,10.27,2014,5,5.257518572999997,117,1.76918,117,15140.8,0.884189204
wk,2019-09-30,43.83,7.07,1.9,1.91,1.88,1.83,1.75,1.63,1.56,1.55,1.62,1.68,1.94,2.12,6.199434229,3.306116953,13.63013625,1.55,1.92,2.39,2019,9.68,2015,4,3.247046177999996,117,1.76918,117,15140.8,0.884189204
akam,2019-12-31,86.38,4.92,1.55,1.48,1.55,1.6,1.59,1.58,1.62,1.69,1.83,1.92,2.25,2.39,17.55691057,2.789966672,10.0899926,0.08,0.7,1.35,2019,5.35,2010,9,2.432893389,120,2.50042,120,15396.0,0.491491903
appf,2019-12-31,109.95,15.22,1.55,1.48,1.55,1.6,1.59,1.58,1.62,1.69,1.83,1.92,2.25,2.39,7.224047306,7.062294531,34.79520894,0.08,0.7,1.35,2019,14.1,2016,3,7.75118690175,120,2.50042,120,15396.0,0.491491903
appn,2019-12-31,38.21,9.54,1.55,1.48,1.55,1.6,1.59,1.58,1.62,1.69,1.83,1.92,2.25,2.39,4.00524109,2.028246717,9.015734651,0.08,0.7,1.35,2019,12.1,2018,1,2.18607733475,120,2.50042,120,15396.0,0.491491903
ayx,2019-12-31,100.07,15.8,1.55,1.48,1.55,1.6,1.59,1.58,1.62,1.69,1.83,1.92,2.25,2.39,6.333544304,16.61314933,59.43023075,0.08,0.7,1.35,2019,19.78,2017,2,12.41078383125,120,2.50042,120,15396.0,0.491491903
bl,2019-12-31,51.56,9.85,1.55,1.48,1.55,1.6,1.59,1.58,1.62,1.69,1.83,1.92,2.25,2.39,5.234517766,5.982288182,23.48093193,0.08,0.7,1.35,2019,9.68,2017,2,5.4154740655,120,2.50042,120,15396.0,0.491491903
cdns,2019-12-31,69.36,8.33,1.55,1.48,1.55,1.6,1.59,1.58,1.62,1.69,1.83,1.92,2.25,2.39,8.326530612,1.43548945,9.539455156,0.08,0.7,1.35,2019,8.05,2010,9,2.305650784999993,120,2.50042,120,15396.0,0.491491903
cflt,2019-12-31,108.17,7.23,1.55,1.48,1.55,1.6,1.59,1.58,1.62,1.69,1.83,1.92,2.25,2.39,14.96127248,4.565703953,16.71536145,0.08,0.7,1.35,2019,7.24,2016,3,3.941554454249993,120,2.50042,120,15396.0,0.491491903
dbx,2019-12-31,17.91,4.44,1.55,1.48,1.55,1.6,1.59,1.58,1.62,1.69,1.83,1.92,2.25,2.39,4.033783784,0.994586555,-4.634480295,0.08,0.7,1.35,2019,5.05,2018,1,-0.9622519085000067,120,2.50042,120,15396.0,0.491491903
evbg,2019-12-31,78.08,12.84,1.55,1.48,1.55,1.6,1.59,1.58,1.62,1.69,1.83,1.92,2.25,2.39,6.080996885,4.848171858,19.88434662,0.08,0.7,1.35,2019,10.64,2017,2,4.638787978749992,120,2.50042,120,15396.0,0.491491903
fivn,2019-12-31,65.58,12.03,1.55,1.48,1.55,1.6,1.59,1.58,1.62,1.69,1.83,1.92,2.25,2.39,5.451371571,5.497328506,22.19451372,0.08,0.7,1.35,2019,10.4,2015,4,5.139123431499991,120,2.50042,120,15396.0,0.491491903
ftnt,2019-12-31,21.35,8.63,1.55,1.48,1.55,1.6,1.59,1.58,1.62,1.69,1.83,1.92,2.25,2.39,2.473928158,5.242676671,19.2191071,0.08,0.7,1.35,2019,6.53,2010,9,4.494601009249991,120,2.50042,120,15396.0,0.491491903
hubs,2019-12-31,158.5,9.83,1.55,1.48,1.55,1.6,1.59,1.58,1.62,1.69,1.83,1.92,2.25,2.39,16.12410987,4.43820256,20.67754224,0.08,0.7,1.35,2019,9.82,2015,4,4.811453312749991,120,2.50042,120,15396.0,0.491491903
lspd,2019-12-31,62.56,5.9,1.55,1.48,1.55,1.6,1.59,1.58,1.62,1.69,1.83,1.92,2.25,2.39,10.60338983,5.263676283,34.78725172,0.08,0.7,1.35,2019,6.15,2016,3,7.760242997249994,120,2.50042,120,15396.0,0.491491903
msft,2019-12-31,153.3,8.82,1.55,1.48,1.55,1.6,1.59,1.58,1.62,1.69,1.83,1.92,2.25,2.39,17.38095238,3.622427514,14.12815485,0.08,0.7,1.35,2019,8.03,2010,9,3.359119315499993,120,2.50042,120,15396.0,0.491491903
newr,2019-12-31,65.71,6.66,1.55,1.48,1.55,1.6,1.59,1.58,1.62,1.69,1.83,1.92,2.25,2.39,9.866366366,4.684635816,24.53286929,0.08,0.7,1.35,2019,6.52,2015,4,5.640708000499993,120,2.50042,120,15396.0,0.491491903
now,2019-12-31,282.32,15.6,1.55,1.48,1.55,1.6,1.59,1.58,1.62,1.69,1.83,1.92,2.25,2.39,18.0974359,4.585142649,27.6629008,0.08,0.7,1.35,2019,14.67,2013,6,6.306518615749993,120,2.50042,120,15396.0,0.491491903
payc,2019-12-31,264.76,20.95,1.55,1.48,1.55,1.6,1.59,1.58,1.62,1.69,1.83,1.92,2.25,2.39,12.63770883,6.294538925,30.86659695,0.08,0.7,1.35,2019,17.62,2014,5,6.959746205249994,120,2.50042,120,15396.0,0.491491903
pcty,2019-12-31,120.82,12.94,1.55,1.48,1.55,1.6,1.59,1.58,1.62,1.69,1.83,1.92,2.25,2.39,9.336939722,4.775046068,23.12788804,0.08,0.7,1.35,2019,10.95,2014,5,5.339927388499995,120,2.50042,120,15396.0,0.491491903
pypl,2019-12-31,108.17,7.23,1.55,1.48,1.55,1.6,1.59,1.58,1.62,1.69,1.83,1.92,2.25,2.39,14.96127248,4.565703953,16.71536145,0.08,0.7,1.35,2019,7.24,2016,3,3.941554454249994,120,2.50042,120,15396.0,0.491491903
qlys,2019-12-31,83.37,10.73,1.55,1.48,1.55,1.6,1.59,1.58,1.62,1.69,1.83,1.92,2.25,2.39,7.769804287,3.63851689,17.16041519,0.08,0.7,1.35,2019,10.08,2012,7,4.039117909249994,120,2.50042,120,15396.0,0.491491903
qtwo,2019-12-31,81.08,11.75,1.55,1.48,1.55,1.6,1.59,1.58,1.62,1.69,1.83,1.92,2.25,2.39,6.900425532,4.63939313,22.13265775,0.08,0.7,1.35,2019,11.96,2014,5,5.1281707919999935,120,2.50042,120,15396.0,0.491491903
rng,2019-12-31,168.67,15.43,1.55,1.48,1.55,1.6,1.59,1.58,1.62,1.69,1.83,1.92,2.25,2.39,10.93130266,6.477116444,28.61916033,0.08,0.7,1.35,2019,12.24,2014,5,6.494360853749994,120,2.50042,120,15396.0,0.491491903
sap,2019-12-31,125.63,4.86,1.55,1.48,1.55,1.6,1.59,1.58,1.62,1.69,1.83,1.92,2.25,2.39,25.84979424,1.275433454,5.93719741,0.08,0.7,1.35,2019,4.33,2010,9,1.4531217249999937,120,2.50042,120,15396.0,0.491491903
shop,2019-12-31,39.76,28.31,1.55,1.48,1.55,1.6,1.59,1.58,1.62,1.69,1.83,1.92,2.25,2.39,1.404450724,9.445325919,37.70715403,0.08,0.7,1.35,2019,24.29,2016,3,8.329875565499993,120,2.50042,120,15396.0,0.491491903
sq,2019-12-31,62.56,5.9,1.55,1.48,1.55,1.6,1.59,1.58,1.62,1.69,1.83,1.92,2.25,2.39,10.60338983,5.263676283,34.78725172,0.08,0.7,1.35,2019,6.15,2016,3,7.760242997249994,120,2.50042,120,15396.0,0.491491903
team,2019-12-31,120.34,20.85,1.55,1.48,1.55,1.6,1.59,1.58,1.62,1.69,1.83,1.92,2.25,2.39,5.771702638,7.85133118,32.00061663,0.08,0.7,1.35,2019,23.44,2015,4,7.188979784749996,120,2.50042,120,15396.0,0.491491903
ttd,2019-12-31,25.98,18.78,1.55,1.48,1.55,1.6,1.59,1.58,1.62,1.69,1.83,1.92,2.25,2.39,1.383386581,7.883505794,32.14261144,0.08,0.7,1.35,2019,14.63,2017,2,7.218809580499997,120,2.50042,120,15396.0,0.491491903
twlo,2019-12-31,98.28,11.12,1.55,1.48,1.55,1.6,1.59,1.58,1.62,1.69,1.83,1.92,2.25,2.39,8.838129496,5.292375776,31.43377347,0.08,0.7,1.35,2019,13.1,2017,2,7.086537331999997,120,2.50042,120,15396.0,0.491491903
twou,2019-12-31,23.99,2.55,1.55,1.48,1.55,1.6,1.59,1.58,1.62,1.69,1.83,1.92,2.25,2.39,9.407843137,6.329431035,26.3966053,0.08,0.7,1.35,2019,1.84,2014,5,6.034986899749996,120,2.50042,120,15396.0,0.491491903
wix,2019-12-31,122.38,8.09,1.55,1.48,1.55,1.6,1.59,1.58,1.62,1.69,1.83,1.92,2.25,2.39,15.12731768,4.312923842,19.72583726,0.08,0.7,1.35,2019,8.05,2014,5,4.6038790647499965,120,2.50042,120,15396.0,0.491491903
wk,2019-12-31,42.05,6.51,1.55,1.48,1.55,1.6,1.59,1.58,1.62,1.69,1.83,1.92,2.25,2.39,6.459293395,4.191659368,14.8238837,0.08,0.7,1.35,2019,7.07,2015,4,3.5178490007499965,120,2.50042,120,15396.0,0.491491903
akam,2020-03-31,91.49,5.1,0.08,0.05,0.11,0.15,0.17,0.23,0.29,0.37,0.55,0.7,1.15,1.35,17.93921569,2.177519306,9.821722023,0.08,0.66,1.41,2020,4.92,2010,10,2.370494026,123,0.3452,123,16997.6,6.376613867
appf,2020-03-31,110.95,14.52,0.08,0.05,0.11,0.15,0.17,0.23,0.29,0.37,0.55,0.7,1.15,1.35,7.641184573,5.774287586,32.3252996,0.08,0.66,1.41,2020,15.22,2016,4,7.2576061165,123,0.3452,123,16997.6,6.376613867
appn,2020-03-31,40.23,9.5,0.08,0.05,0.11,0.15,0.17,0.23,0.29,0.37,0.55,0.7,1.15,1.35,4.234736842,5.729886087,12.54092973,0.08,0.66,1.41,2020,9.54,2018,2,3.014039381,123,0.3452,123,16997.6,6.376613867
ayx,2020-03-31,95.17,13.86,0.08,0.05,0.11,0.15,0.17,0.23,0.29,0.37,0.55,0.7,1.15,1.35,6.866522367,8.415162777,59.40287406,0.08,0.66,1.41,2020,15.8,2017,3,12.40613228425,123,0.3452,123,16997.6,6.376613867
bl,2020-03-31,52.61,9.51,0.08,0.05,0.11,0.15,0.17,0.23,0.29,0.37,0.55,0.7,1.15,1.35,5.532071504,5.684453668,24.44772251,0.08,0.66,1.41,2020,9.85,2017,3,5.620730403,123,0.3452,123,16997.6,6.376613867
cdns,2020-03-31,66.04,7.79,0.08,0.05,0.11,0.15,0.17,0.23,0.29,0.37,0.55,0.7,1.15,1.35,8.477535302,1.813536711,8.388579199,0.08,0.66,1.41,2020,8.33,2010,10,2.035385337249993,123,0.3452,123,16997.6,6.376613867
cflt,2020-03-31,95.74,6.22,0.08,0.05,0.11,0.15,0.17,0.23,0.29,0.37,0.55,0.7,1.15,1.35,15.39228296,2.880841072,16.06469141,0.08,0.66,1.41,2020,7.23,2016,4,3.797364434749993,123,0.3452,123,16997.6,6.376613867
dbx,2020-03-31,18.1,4.33,0.08,0.05,0.11,0.15,0.17,0.23,0.29,0.37,0.55,0.7,1.15,1.35,4.180138568,3.62822581,12.17344323,0.08,0.66,1.41,2020,4.44,2018,2,2.9196278939999925,123,0.3452,123,16997.6,6.376613867
evbg,2020-03-31,106.36,16.4,0.08,0.05,0.11,0.15,0.17,0.23,0.29,0.37,0.55,0.7,1.15,1.35,6.485365854,6.649715114,21.73570353,0.08,0.66,1.41,2020,12.84,2017,3,5.044270268999992,123,0.3452,123,16997.6,6.376613867
fivn,2020-03-31,76.46,13.33,0.08,0.05,0.11,0.15,0.17,0.23,0.29,0.37,0.55,0.7,1.15,1.35,5.735933983,5.220014976,22.68796898,0.08,0.66,1.41,2020,12.03,2015,5,5.244923068999992,123,0.3452,123,16997.6,6.376613867
ftnt,2020-03-31,20.23,7.8,0.08,0.05,0.11,0.15,0.17,0.23,0.29,0.37,0.55,0.7,1.15,1.35,2.593589744,4.836906263,20.48838594,0.08,0.66,1.41,2020,8.63,2010,10,4.770700789249991,123,0.3452,123,16997.6,6.376613867
hubs,2020-03-31,133.19,7.84,0.08,0.05,0.11,0.15,0.17,0.23,0.29,0.37,0.55,0.7,1.15,1.35,16.98852041,5.360981459,20.71140486,0.08,0.66,1.41,2020,9.83,2015,5,4.818842422499991,123,0.3452,123,16997.6,6.376613867
lspd,2020-03-31,52.38,4.56,0.08,0.05,0.11,0.15,0.17,0.23,0.29,0.37,0.55,0.7,1.15,1.35,11.48684211,8.331790954,35.68947228,0.08,0.66,1.41,2020,5.9,2016,4,7.940321758999994,123,0.3452,123,16997.6,6.376613867
msft,2020-03-31,153.72,8.54,0.08,0.05,0.11,0.15,0.17,0.23,0.29,0.37,0.55,0.7,1.15,1.35,18.0,3.561643836,14.47645819,0.08,0.66,1.41,2020,8.82,2010,10,3.437892861999993,123,0.3452,123,16997.6,6.376613867
newr,2020-03-31,46.24,4.51,0.08,0.05,0.11,0.15,0.17,0.23,0.29,0.37,0.55,0.7,1.15,1.35,10.25277162,3.916388647,21.43353619,0.08,0.66,1.41,2020,6.66,2015,5,4.977646722499992,123,0.3452,123,16997.6,6.376613867
now,2020-03-31,286.58,15.08,0.08,0.05,0.11,0.15,0.17,0.23,0.29,0.37,0.55,0.7,1.15,1.35,19.00397878,5.009233836,23.28030374,0.08,0.66,1.41,2020,15.6,2013,7,5.373252827749993,123,0.3452,123,16997.6,6.376613867
payc,2020-03-31,202.01,15.13,0.08,0.05,0.11,0.15,0.17,0.23,0.29,0.37,0.55,0.7,1.15,1.35,13.3516193,5.649049827,27.56504031,0.08,0.66,1.41,2020,20.95,2014,6,6.276160950249993,123,0.3452,123,16997.6,6.376613867
pcty,2020-03-31,88.32,8.93,0.08,0.05,0.11,0.15,0.17,0.23,0.29,0.37,0.55,0.7,1.15,1.35,9.890257559,5.926115553,23.08763191,0.08,0.66,1.41,2020,12.94,2014,6,5.331266535499995,123,0.3452,123,16997.6,6.376613867
pypl,2020-03-31,95.74,6.22,0.08,0.05,0.11,0.15,0.17,0.23,0.29,0.37,0.55,0.7,1.15,1.35,15.39228296,2.880841072,16.06469141,0.08,0.66,1.41,2020,7.23,2016,4,3.7973644347499937,123,0.3452,123,16997.6,6.376613867
qlys,2020-03-31,86.99,10.78,0.08,0.05,0.11,0.15,0.17,0.23,0.29,0.37,0.55,0.7,1.15,1.35,8.069573284,3.858128027,17.03514552,0.08,0.66,1.41,2020,10.73,2012,8,4.011326528249994,123,0.3452,123,16997.6,6.376613867
qtwo,2020-03-31,59.06,8.23,0.08,0.05,0.11,0.15,0.17,0.23,0.29,0.37,0.55,0.7,1.15,1.35,7.17618469,3.996263085,19.98298977,0.08,0.66,1.41,2020,11.75,2014,6,4.662360101749994,123,0.3452,123,16997.6,6.376613867
rng,2020-03-31,211.91,18.4,0.08,0.05,0.11,0.15,0.17,0.23,0.29,0.37,0.55,0.7,1.15,1.35,11.51684783,5.356590951,27.13403444,0.08,0.66,1.41,2020,15.43,2014,6,6.186678097999994,123,0.3452,123,16997.6,6.376613867
sap,2020-03-31,103.61,3.97,0.08,0.05,0.11,0.15,0.17,0.23,0.29,0.37,0.55,0.7,1.15,1.35,26.09823678,0.961100637,5.113166951,0.08,0.66,1.41,2020,4.86,2010,10,1.255251599499994,123,0.3452,123,16997.6,6.376613867
shop,2020-03-31,41.69,27.47,0.08,0.05,0.11,0.15,0.17,0.23,0.29,0.37,0.55,0.7,1.15,1.35,1.517655624,8.060439448,38.17571294,0.08,0.66,1.41,2020,28.31,2016,4,8.421484793249995,123,0.3452,123,16997.6,6.376613867
sq,2020-03-31,52.38,4.56,0.08,0.05,0.11,0.15,0.17,0.23,0.29,0.37,0.55,0.7,1.15,1.35,11.48684211,8.331790954,35.68947228,0.08,0.66,1.41,2020,5.9,2016,4,7.940321758999995,123,0.3452,123,16997.6,6.376613867
team,2020-03-31,137.26,22.3,0.08,0.05,0.11,0.15,0.17,0.23,0.29,0.37,0.55,0.7,1.15,1.35,6.155156951,6.643694882,31.00040418,0.08,0.66,1.41,2020,20.85,2015,5,6.985418672999996,123,0.3452,123,16997.6,6.376613867
ttd,2020-03-31,19.3,13.22,0.08,0.05,0.11,0.15,0.17,0.23,0.29,0.37,0.55,0.7,1.15,1.35,1.459909228,5.531544689,31.53929614,0.08,0.66,1.41,2020,18.78,2017,3,7.097802402749997,123,0.3452,123,16997.6,6.376613867
twlo,2020-03-31,89.49,9.46,0.08,0.05,0.11,0.15,0.17,0.23,0.29,0.37,0.55,0.7,1.15,1.35,9.459830867,7.03430936,28.51837104,0.08,0.66,1.41,2020,11.12,2017,3,6.479526670249998,123,0.3452,123,16997.6,6.376613867
twou,2020-03-31,21.22,2.1,0.08,0.05,0.11,0.15,0.17,0.23,0.29,0.37,0.55,0.7,1.15,1.35,10.1047619,7.407848508,29.64331082,0.08,0.66,1.41,2020,2.55,2014,6,6.707450545999997,123,0.3452,123,16997.6,6.376613867
wix,2020-03-31,100.82,6.39,0.08,0.05,0.11,0.15,0.17,0.23,0.29,0.37,0.55,0.7,1.15,1.35,15.77777778,4.299903761,19.47915805,0.08,0.66,1.41,2020,8.09,2014,6,4.550044113249997,123,0.3452,123,16997.6,6.376613867
wk,2020-03-31,32.33,4.81,0.08,0.05,0.11,0.15,0.17,0.23,0.29,0.37,0.55,0.7,1.15,1.35,6.721413721,4.05803407,16.39844669,0.08,0.66,1.41,2020,6.51,2015,5,3.869756467499996,123,0.3452,123,16997.6,6.376613867
akam,2020-06-30,107.09,5.79,0.08,0.13,0.16,0.18,0.16,0.16,0.18,0.29,0.49,0.66,1.18,1.41,18.49568221,3.101955705,10.31864358,0.09,0.69,1.46,2020,5.1,2010,10,2.48659766675,126,1.01414,126,18286.3,0.852650331
appf,2020-06-30,162.71,20.04,0.08,0.13,0.16,0.18,0.16,0.16,0.18,0.29,0.49,0.66,1.18,1.41,8.119261477,6.256581025,30.20034049,0.09,0.69,1.46,2020,14.52,2016,4,6.824060996750001,126,1.01414,126,18286.3,0.852650331
appn,2020-06-30,51.25,12.2,0.08,0.13,0.16,0.18,0.16,0.16,0.18,0.29,0.49,0.66,1.18,1.41,4.200819672,-0.800927454,10.75629355,0.09,0.69,1.46,2020,9.5,2018,2,2.6144362335,126,1.01414,126,18286.3,0.852650331
ayx,2020-06-30,164.28,23.43,0.08,0.13,0.16,0.18,0.16,0.16,0.18,0.29,0.49,0.66,1.18,1.41,7.011523688,2.111714101,47.01581926,0.09,0.69,1.46,2020,13.86,2017,3,10.255235522,126,1.01414,126,18286.3,0.852650331
bl,2020-06-30,82.91,14.44,0.08,0.13,0.16,0.18,0.16,0.16,0.18,0.29,0.49,0.66,1.18,1.41,5.741689751,3.789145655,22.96722957,0.09,0.69,1.46,2020,9.51,2017,3,5.3083319325,126,1.01414,126,18286.3,0.852650331
cdns,2020-06-30,95.96,11.03,0.08,0.13,0.16,0.18,0.16,0.16,0.18,0.29,0.49,0.66,1.18,1.41,8.699909338,2.623097735,8.242057999,0.09,0.69,1.46,2020,7.79,2010,10,2.0006565549999937,126,1.01414,126,18286.3,0.852650331
cflt,2020-06-30,174.23,10.75,0.08,0.13,0.16,0.18,0.16,0.16,0.18,0.29,0.49,0.66,1.18,1.41,16.20744186,5.295893432,18.37691242,0.09,0.69,1.46,2020,6.22,2016,4,4.311542773249993,126,1.01414,126,18286.3,0.852650331
dbx,2020-06-30,21.77,5.05,0.08,0.13,0.16,0.18,0.16,0.16,0.18,0.29,0.49,0.66,1.18,1.41,4.310891089,3.127947049,11.85944942,0.09,0.69,1.46,2020,4.33,2018,2,2.847256857999992,126,1.01414,126,18286.3,0.852650331
evbg,2020-06-30,138.36,20.0,0.08,0.13,0.16,0.18,0.16,0.16,0.18,0.29,0.49,0.66,1.18,1.41,6.918,6.670928921,24.63540595,0.09,0.69,1.46,2020,16.4,2017,3,5.664707832749992,126,1.01414,126,18286.3,0.852650331
fivn,2020-06-30,110.67,18.37,0.08,0.13,0.16,0.18,0.16,0.16,0.18,0.29,0.49,0.66,1.18,1.41,6.024496462,5.030784506,22.74515115,0.09,0.69,1.46,2020,13.33,2015,5,5.257155502749992,126,1.01414,126,18286.3,0.852650331
ftnt,2020-06-30,27.45,10.0,0.08,0.13,0.16,0.18,0.16,0.16,0.18,0.29,0.49,0.66,1.18,1.41,2.745,5.837864558,22.51594014,0.09,0.69,1.46,2020,7.8,2010,10,5.208586680999991,126,1.01414,126,18286.3,0.852650331
hubs,2020-06-30,224.35,12.66,0.08,0.13,0.16,0.18,0.16,0.16,0.18,0.29,0.49,0.66,1.18,1.41,17.72116904,4.312609989,20.13647318,0.09,0.69,1.46,2020,7.84,2015,5,4.694041387749991,126,1.01414,126,18286.3,0.852650331
lspd,2020-06-30,104.94,8.02,0.08,0.13,0.16,0.18,0.16,0.16,0.18,0.29,0.49,0.66,1.18,1.41,13.08478803,13.91109854,41.97888018,0.09,0.69,1.46,2020,4.56,2016,4,9.201835728749996,126,1.01414,126,18286.3,0.852650331
mntv,2020-06-30,23.54,9.28,0.08,0.13,0.16,0.18,0.16,0.16,0.18,0.29,0.49,0.66,1.18,1.41,2.536637931,3.455773501,6.781548278,0.09,0.69,1.46,2020,5.51,2019,1,1.680487374499993,126,1.01414,126,18286.3,0.852650331
msft,2020-06-30,198.91,9.8,0.08,0.13,0.16,0.18,0.16,0.16,0.18,0.29,0.49,0.66,1.18,1.41,20.29693878,12.76077098,25.11597334,0.09,0.69,1.46,2020,8.54,2010,10,5.835108621749993,126,1.01414,126,18286.3,0.852650331
newr,2020-06-30,68.9,6.54,0.08,0.13,0.16,0.18,0.16,0.16,0.18,0.29,0.49,0.66,1.18,1.41,10.5351682,2.754343777,17.63926109,0.09,0.69,1.46,2020,4.51,2015,5,4.149100528749993,126,1.01414,126,18286.3,0.852650331
now,2020-06-30,405.06,20.41,0.08,0.13,0.16,0.18,0.16,0.16,0.18,0.29,0.49,0.66,1.18,1.41,19.84615385,4.431572336,21.57639498,0.09,0.69,1.46,2020,15.08,2013,7,5.007347359249993,126,1.01414,126,18286.3,0.852650331
payc,2020-06-30,309.73,22.82,0.08,0.13,0.16,0.18,0.16,0.16,0.18,0.29,0.49,0.66,1.18,1.41,13.57274321,1.656157979,21.52729672,0.09,0.69,1.46,2020,15.13,2014,6,5.013535529499994,126,1.01414,126,18286.3,0.852650331
pcty,2020-06-30,145.89,14.51,0.08,0.13,0.16,0.18,0.16,0.16,0.18,0.29,0.49,0.66,1.18,1.41,10.05444521,1.6600948,19.06297835,0.09,0.69,1.46,2020,8.93,2014,6,4.472169382499994,126,1.01414,126,18286.3,0.852650331
pypl,2020-06-30,174.23,10.75,0.08,0.13,0.16,0.18,0.16,0.16,0.18,0.29,0.49,0.66,1.18,1.41,16.20744186,5.295893432,18.37691242,0.09,0.69,1.46,2020,6.22,2016,4,4.311542773249994,126,1.01414,126,18286.3,0.852650331
qlys,2020-06-30,104.02,12.47,0.08,0.13,0.16,0.18,0.16,0.16,0.18,0.29,0.49,0.66,1.18,1.41,8.341619888,3.371263812,16.10063509,0.09,0.69,1.46,2020,10.78,2012,8,3.803314048249994,126,1.01414,126,18286.3,0.852650331
qtwo,2020-06-30,85.79,11.67,0.08,0.13,0.16,0.18,0.16,0.16,0.18,0.29,0.49,0.66,1.18,1.41,7.351328192,2.440621435,16.10400471,0.09,0.69,1.46,2020,8.23,2014,6,3.806735782499994,126,1.01414,126,18286.3,0.852650331
rng,2020-06-30,285.01,24.03,0.08,0.13,0.16,0.18,0.16,0.16,0.18,0.29,0.49,0.66,1.18,1.41,11.86059093,2.984697785,23.12639207,0.09,0.69,1.46,2020,18.4,2014,6,5.348665565999994,126,1.01414,126,18286.3,0.852650331
sap,2020-06-30,133.22,5.1,0.08,0.13,0.16,0.18,0.16,0.16,0.18,0.29,0.49,0.66,1.18,1.41,26.12156863,0.089400107,4.274466999,0.09,0.69,1.46,2020,3.97,2010,10,1.0539919394999937,126,1.01414,126,18286.3,0.852650331
shop,2020-06-30,94.92,53.43,0.08,0.13,0.16,0.18,0.16,0.16,0.18,0.29,0.49,0.66,1.18,1.41,1.776530039,17.05752022,49.18828211,0.09,0.69,1.46,2020,27.47,2016,4,10.581681325749994,126,1.01414,126,18286.3,0.852650331
sq,2020-06-30,104.94,8.02,0.08,0.13,0.16,0.18,0.16,0.16,0.18,0.29,0.49,0.66,1.18,1.41,13.08478803,13.91109854,41.97888018,0.09,0.69,1.46,2020,4.56,2016,4,9.201835728749996,126,1.01414,126,18286.3,0.852650331
team,2020-06-30,180.27,27.68,0.08,0.13,0.16,0.18,0.16,0.16,0.18,0.29,0.49,0.66,1.18,1.41,6.512644509,5.807935701,29.36688381,0.09,0.69,1.46,2020,22.3,2015,5,6.6514085052499965,126,1.01414,126,18286.3,0.852650331
tenb,2020-06-30,29.81,7.33,0.08,0.13,0.16,0.18,0.16,0.16,0.18,0.29,0.49,0.66,1.18,1.41,4.066848568,4.554844234,-0.394984278,0.09,0.69,1.46,2020,5.62,2019,1,0.0760066264999967,126,1.01414,126,18286.3,0.852650331
ttd,2020-06-30,40.65,28.78,0.08,0.13,0.16,0.18,0.16,0.16,0.18,0.29,0.49,0.66,1.18,1.41,1.412439194,-3.251574388,18.11662267,0.09,0.69,1.46,2020,13.22,2017,3,4.349200011749996,126,1.01414,126,18286.3,0.852650331
twlo,2020-06-30,219.42,21.6,0.08,0.13,0.16,0.18,0.16,0.16,0.18,0.29,0.49,0.66,1.18,1.41,10.15833333,7.383879018,27.6962474,0.09,0.69,1.46,2020,9.46,2017,3,6.306689121499997,126,1.01414,126,18286.3,0.852650331
twou,2020-06-30,37.96,3.55,0.08,0.13,0.16,0.18,0.16,0.16,0.18,0.29,0.49,0.66,1.18,1.41,10.69295775,5.820976756,29.54273997,0.09,0.69,1.46,2020,2.1,2014,6,6.686911946999997,126,1.01414,126,18286.3,0.852650331
wix,2020-06-30,256.22,15.62,0.08,0.13,0.16,0.18,0.16,0.16,0.18,0.29,0.49,0.66,1.18,1.41,16.40332907,3.964761681,18.5518575,0.09,0.69,1.46,2020,6.39,2014,6,4.346743669749997,126,1.01414,126,18286.3,0.852650331
wk,2020-06-30,53.49,7.79,0.08,0.13,0.16,0.18,0.16,0.16,0.18,0.29,0.49,0.66,1.18,1.41,6.866495507,2.158501048,14.42189105,0.09,0.69,1.46,2020,4.81,2015,5,3.4285778597499963,126,1.01414,126,18286.3,0.852650331
akam,2020-09-30,110.54,5.83,0.09,0.08,0.1,0.11,0.12,0.13,0.16,0.28,0.47,0.69,1.23,1.46,18.96054889,2.513379442,11.00780973,0.09,0.93,1.65,2020,5.79,2010,10,2.64570528125,129,1.18253,129,18729.1,0.817126278
appf,2020-09-30,141.81,16.57,0.09,0.08,0.1,0.11,0.12,0.13,0.16,0.28,0.47,0.69,1.23,1.46,8.558237779,5.406603831,26.83535073,0.09,0.93,1.65,2020,20.04,2016,4,6.12494174325,129,1.18253,129,18729.1,0.817126278
appn,2020-09-30,64.75,15.07,0.09,0.08,0.1,0.11,0.12,0.13,0.16,0.28,0.47,0.69,1.23,1.46,4.296615793,2.280414974,9.450633884,0.09,0.93,1.65,2020,12.2,2018,2,2.3094050809999995,129,1.18253,129,18729.1,0.817126278
ayx,2020-09-30,113.55,15.65,0.09,0.08,0.1,0.11,0.12,0.13,0.16,0.28,0.47,0.69,1.23,1.46,7.255591054,3.480946191,33.58986415,0.09,0.93,1.65,2020,23.43,2017,3,7.65524309975,129,1.18253,129,18729.1,0.817126278
bl,2020-09-30,89.63,15.01,0.09,0.08,0.1,0.11,0.12,0.13,0.16,0.28,0.47,0.69,1.23,1.46,5.971352432,3.999914502,20.90083986,0.09,0.93,1.65,2020,14.44,2017,3,4.86395050175,129,1.18253,129,18729.1,0.817126278
cdns,2020-09-30,106.63,11.82,0.09,0.08,0.1,0.11,0.12,0.13,0.16,0.28,0.47,0.69,1.23,1.46,9.021150592,3.692466686,9.897491325,0.09,0.93,1.65,2020,11.03,2010,10,2.3911476454999936,129,1.18253,129,18729.1,0.817126278
cflt,2020-09-30,197.03,11.52,0.09,0.08,0.1,0.11,0.12,0.13,0.16,0.28,0.47,0.69,1.23,1.46,17.10329861,5.527440779,19.53652085,0.09,0.93,1.65,2020,10.75,2016,4,4.567469808999993,129,1.18253,129,18729.1,0.817126278
dbx,2020-09-30,19.26,4.34,0.09,0.08,0.1,0.11,0.12,0.13,0.16,0.28,0.47,0.69,1.23,1.46,4.437788018,2.943635706,11.10971489,0.09,0.93,1.65,2020,5.05,2018,2,2.6735987799999923,129,1.18253,129,18729.1,0.817126278
evbg,2020-09-30,125.73,16.99,0.09,0.08,0.1,0.11,0.12,0.13,0.16,0.28,0.47,0.69,1.23,1.46,7.400235433,6.970734788,27.59440124,0.09,0.93,1.65,2020,20.0,2017,3,6.284887670249992,129,1.18253,129,18729.1,0.817126278
fivn,2020-09-30,129.68,20.39,0.09,0.08,0.1,0.11,0.12,0.13,0.16,0.28,0.47,0.69,1.23,1.46,6.359980383,5.568663258,23.08112389,0.09,0.93,1.65,2020,18.37,2015,5,5.329197811499991,129,1.18253,129,18729.1,0.817126278
ftnt,2020-09-30,23.56,8.11,0.09,0.08,0.1,0.11,0.12,0.13,0.16,0.28,0.47,0.69,1.23,1.46,2.905055487,5.830800986,23.58314222,0.09,0.93,1.65,2020,10.0,2010,10,5.437062119499991,129,1.18253,129,18729.1,0.817126278
hubs,2020-09-30,292.23,15.67,0.09,0.08,0.1,0.11,0.12,0.13,0.16,0.28,0.47,0.69,1.23,1.46,18.64901085,5.235782191,20.7923531,0.09,0.93,1.65,2020,12.66,2015,5,4.836894049749991,129,1.18253,129,18729.1,0.817126278
lspd,2020-09-30,162.55,9.8,0.09,0.08,0.1,0.11,0.12,0.13,0.16,0.28,0.47,0.69,1.23,1.46,16.58673469,26.76349556,64.66249938,0.09,0.93,1.65,2020,8.02,2016,4,13.567515334249991,129,1.18253,129,18729.1,0.817126278
mntv,2020-09-30,22.11,8.45,0.09,0.08,0.1,0.11,0.12,0.13,0.16,0.28,0.47,0.69,1.23,1.46,2.616568047,3.151025825,11.85445863,0.09,0.93,1.65,2020,9.28,2019,1,2.850033750499993,129,1.18253,129,18729.1,0.817126278
msft,2020-09-30,206.08,10.12,0.09,0.08,0.1,0.11,0.12,0.13,0.16,0.28,0.47,0.69,1.23,1.46,20.36363636,0.328609101,21.40470711,0.09,0.93,1.65,2020,9.8,2010,10,5.068362857749993,129,1.18253,129,18729.1,0.817126278
newr,2020-09-30,56.36,5.23,0.09,0.08,0.1,0.11,0.12,0.13,0.16,0.28,0.47,0.69,1.23,1.46,10.77629063,2.288738355,14.33916178,0.09,0.93,1.65,2020,6.54,2015,5,3.411026648749993,129,1.18253,129,18729.1,0.817126278
now,2020-09-30,485.0,23.01,0.09,0.08,0.1,0.11,0.12,0.13,0.16,0.28,0.47,0.69,1.23,1.46,21.07779226,6.205930014,21.80863207,0.09,0.93,1.65,2020,20.41,2013,7,5.057969708749993,129,1.18253,129,18729.1,0.817126278
payc,2020-09-30,311.3,22.31,0.09,0.08,0.1,0.11,0.12,0.13,0.16,0.28,0.47,0.69,1.23,1.46,13.95338413,2.804450944,17.36055583,0.09,0.93,1.65,2020,22.82,2014,6,4.1010494187499935,129,1.18253,129,18729.1,0.817126278
pcty,2020-09-30,161.42,15.82,0.09,0.08,0.1,0.11,0.12,0.13,0.16,0.28,0.47,0.69,1.23,1.46,10.20353982,1.482872597,14.49965266,0.09,0.93,1.65,2020,14.51,2014,6,3.4610322544999947,129,1.18253,129,18729.1,0.817126278
pypl,2020-09-30,197.03,11.52,0.09,0.08,0.1,0.11,0.12,0.13,0.16,0.28,0.47,0.69,1.23,1.46,17.10329861,5.527440779,19.53652085,0.09,0.93,1.65,2020,10.75,2016,4,4.567469808999994,129,1.18253,129,18729.1,0.817126278
qlys,2020-09-30,98.01,11.37,0.09,0.08,0.1,0.11,0.12,0.13,0.16,0.28,0.47,0.69,1.23,1.46,8.62005277,3.337875454,14.97966379,0.09,0.93,1.65,2020,12.47,2012,8,3.5514460457499943,129,1.18253,129,18729.1,0.817126278
qtwo,2020-09-30,91.26,11.97,0.09,0.08,0.1,0.11,0.12,0.13,0.16,0.28,0.47,0.69,1.23,1.46,7.62406015,3.709968475,15.61272905,0.09,0.93,1.65,2020,11.67,2014,6,3.6965615312499938,129,1.18253,129,18729.1,0.817126278
rng,2020-09-30,274.61,22.04,0.09,0.08,0.1,0.11,0.12,0.13,0.16,0.28,0.47,0.69,1.23,1.46,12.45961887,5.050574212,21.36378723,0.09,0.93,1.65,2020,24.03,2014,6,4.967244847999994,129,1.18253,129,18729.1,0.817126278
sap,2020-09-30,148.27,5.64,0.09,0.08,0.1,0.11,0.12,0.13,0.16,0.28,0.47,0.69,1.23,1.46,26.28900709,0.640996975,2.996200425,0.09,0.93,1.65,2020,5.1,2010,10,0.741732793249994,129,1.18253,129,18729.1,0.817126278
shop,2020-09-30,102.3,50.01,0.09,0.08,0.1,0.11,0.12,0.13,0.16,0.28,0.47,0.69,1.23,1.46,2.045590882,15.14530217,59.40777196,0.09,0.93,1.65,2020,53.43,2016,4,12.427146939249994,129,1.18253,129,18729.1,0.817126278
sq,2020-09-30,162.55,9.8,0.09,0.08,0.1,0.11,0.12,0.13,0.16,0.28,0.47,0.69,1.23,1.46,16.58673469,26.76349556,64.66249938,0.09,0.93,1.65,2020,8.02,2016,4,13.567515334249997,129,1.18253,129,18729.1,0.817126278
team,2020-09-30,181.79,26.29,0.09,0.08,0.1,0.11,0.12,0.13,0.16,0.28,0.47,0.69,1.23,1.46,6.914796501,6.174941552,29.21143971,0.09,0.93,1.65,2020,27.68,2015,5,6.619475828749996,129,1.18253,129,18729.1,0.817126278
tenb,2020-09-30,37.75,8.94,0.09,0.08,0.1,0.11,0.12,0.13,0.16,0.28,0.47,0.69,1.23,1.46,4.222595078,3.829660932,3.017735154,0.09,0.93,1.65,2020,7.33,2019,1,0.9359107512499966,129,1.18253,129,18729.1,0.817126278
ttd,2020-09-30,51.88,34.36,0.09,0.08,0.1,0.11,0.12,0.13,0.16,0.28,0.47,0.69,1.23,1.46,1.509895227,6.899839196,17.74929196,0.09,0.93,1.65,2020,28.78,2017,3,4.265828822749997,129,1.18253,129,18729.1,0.817126278
twlo,2020-09-30,247.09,22.39,0.09,0.08,0.1,0.11,0.12,0.13,0.16,0.28,0.47,0.69,1.23,1.46,11.03573024,8.637213159,31.47332312,0.09,0.93,1.65,2020,21.6,2017,3,7.086944328249997,129,1.18253,129,18729.1,0.817126278
twou,2020-09-30,33.86,3.02,0.09,0.08,0.1,0.11,0.12,0.13,0.16,0.28,0.47,0.69,1.23,1.46,11.21192053,4.853313701,26.71949493,0.09,0.93,1.65,2020,3.55,2014,6,6.102892499999997,129,1.18253,129,18729.1,0.817126278
wix,2020-09-30,254.85,14.88,0.09,0.08,0.1,0.11,0.12,0.13,0.16,0.28,0.47,0.69,1.23,1.46,17.12701613,4.411830433,18.10217564,0.09,0.93,1.65,2020,15.62,2014,6,4.247354929249997,129,1.18253,129,18729.1,0.817126278
wk,2020-09-30,55.76,7.87,0.09,0.08,0.1,0.11,0.12,0.13,0.16,0.28,0.47,0.69,1.23,1.46,7.085133418,3.184126615,14.28677451,0.09,0.93,1.65,2020,7.79,2015,5,3.3980802752499963,129,1.18253,129,18729.1,0.817126278
akam,2020-12-31,104.99,5.42,0.09,0.08,0.09,0.09,0.1,0.13,0.17,0.36,0.65,0.93,1.45,1.65,19.37084871,2.163965958,10.33176157,0.06,1.74,2.41,2020,5.83,2010,10,2.48920510275,132,1.39478,132,19356.4,1.268180391
appf,2020-12-31,180.04,20.71,0.09,0.08,0.09,0.09,0.1,0.13,0.17,0.36,0.65,0.93,1.45,1.65,8.693384838,1.579145878,20.33953364,0.06,1.74,2.41,2020,16.57,2016,4,4.75415458,132,1.39478,132,19356.4,1.268180391
appn,2020-12-31,162.09,36.57,0.09,0.08,0.09,0.09,0.1,0.13,0.17,0.36,0.65,0.93,1.45,1.65,4.432321575,3.158434187,10.66304063,0.06,1.74,2.41,2020,15.07,2018,2,2.5919519485,132,1.39478,132,19356.4,1.268180391
ayx,2020-12-31,121.79,16.44,0.09,0.08,0.09,0.09,0.1,0.13,0.17,0.36,0.65,0.93,1.45,1.65,7.408150852,2.102651543,16.96690662,0.06,1.74,2.41,2020,15.65,2017,3,4.027618653,132,1.39478,132,19356.4,1.268180391
bl,2020-12-31,133.38,21.49,0.09,0.08,0.09,0.09,0.1,0.13,0.17,0.36,0.65,0.93,1.45,1.65,6.206607725,3.939732171,18.57076433,0.06,1.74,2.41,2020,15.01,2017,3,4.353311499,132,1.39478,132,19356.4,1.268180391
cdns,2020-12-31,136.43,14.21,0.09,0.08,0.09,0.09,0.1,0.13,0.17,0.36,0.65,0.93,1.45,1.65,9.600985222,6.427501941,15.30594997,0.06,1.74,2.41,2020,11.82,2010,10,3.639150768249993,132,1.39478,132,19356.4,1.268180391
cflt,2020-12-31,234.2,12.95,0.09,0.08,0.09,0.09,0.1,0.13,0.17,0.36,0.65,0.93,1.45,1.65,18.08494208,5.739497954,20.87836856,0.06,1.74,2.41,2020,11.52,2016,4,4.8609183092499935,132,1.39478,132,19356.4,1.268180391
dbx,2020-12-31,22.19,4.85,0.09,0.08,0.09,0.09,0.1,0.13,0.17,0.36,0.65,0.93,1.45,1.65,4.575257732,3.097707979,13.42347476,0.06,1.74,2.41,2020,4.34,2018,2,3.199379135999992,132,1.39478,132,19356.4,1.268180391
evbg,2020-12-31,149.07,17.17,0.09,0.08,0.09,0.09,0.1,0.13,0.17,0.36,0.65,0.93,1.45,1.65,8.682003494,17.32063897,42.77270091,0.06,1.74,2.41,2020,16.99,2017,3,9.403004448249993,132,1.39478,132,19356.4,1.268180391
fivn,2020-12-31,174.4,25.55,0.09,0.08,0.09,0.09,0.1,0.13,0.17,0.36,0.65,0.93,1.45,1.65,6.825831703,7.324728883,25.21310671,0.06,1.74,2.41,2020,20.39,2015,5,5.786047905749991,132,1.39478,132,19356.4,1.268180391
ftnt,2020-12-31,29.71,9.62,0.09,0.08,0.09,0.09,0.1,0.13,0.17,0.36,0.65,0.93,1.45,1.65,3.088357588,6.309762485,24.8361873,0.06,1.74,2.41,2020,8.11,2010,10,5.703833572999992,132,1.39478,132,19356.4,1.268180391
hubs,2020-12-31,396.44,19.97,0.09,0.08,0.09,0.09,0.1,0.13,0.17,0.36,0.65,0.93,1.45,1.65,19.85177767,6.449493903,23.11859587,0.06,1.74,2.41,2020,15.67,2015,5,5.339716885499991,132,1.39478,132,19356.4,1.268180391
lspd,2020-12-31,217.64,10.71,0.09,0.08,0.09,0.09,0.1,0.13,0.17,0.36,0.65,0.93,1.45,1.65,20.32119514,22.51474157,91.64809999,0.06,1.74,2.41,2020,9.8,2016,4,17.880281655999994,132,1.39478,132,19356.4,1.268180391
mntv,2020-12-31,25.55,9.47,0.09,0.08,0.09,0.09,0.1,0.13,0.17,0.36,0.65,0.93,1.45,1.65,2.697993664,3.111924299,14.74399467,0.06,1.74,2.41,2020,8.45,2019,1,3.4991867242499928,132,1.39478,132,19356.4,1.268180391
msft,2020-12-31,218.5,10.18,0.09,0.08,0.09,0.09,0.1,0.13,0.17,0.36,0.65,0.93,1.45,1.65,21.46365422,5.401873421,23.48951745,0.06,1.74,2.41,2020,10.12,2010,10,5.513224334499992,132,1.39478,132,19356.4,1.268180391
newr,2020-12-31,65.4,6.0,0.09,0.08,0.09,0.09,0.1,0.13,0.17,0.36,0.65,0.93,1.45,1.65,10.9,1.147977289,10.47633541,0.06,1.74,2.41,2020,5.23,2015,5,2.526862016999993,132,1.39478,132,19356.4,1.268180391
now,2020-12-31,550.43,24.54,0.09,0.08,0.09,0.09,0.1,0.13,0.17,0.36,0.65,0.93,1.45,1.65,22.42991035,6.414894261,23.93971432,0.06,1.74,2.41,2020,23.01,2013,7,5.515407611749993,132,1.39478,132,19356.4,1.268180391
payc,2020-12-31,452.25,31.33,0.09,0.08,0.09,0.09,0.1,0.13,0.17,0.36,0.65,0.93,1.45,1.65,14.43504628,3.451937854,14.22201979,0.06,1.74,2.41,2020,22.31,2014,6,3.3903991509999933,132,1.39478,132,19356.4,1.268180391
pcty,2020-12-31,205.91,19.75,0.09,0.08,0.09,0.09,0.1,0.13,0.17,0.36,0.65,0.93,1.45,1.65,10.42582278,2.178488698,11.66209803,0.06,1.74,2.41,2020,15.82,2014,6,2.8118929119999945,132,1.39478,132,19356.4,1.268180391
pypl,2020-12-31,234.2,12.95,0.09,0.08,0.09,0.09,0.1,0.13,0.17,0.36,0.65,0.93,1.45,1.65,18.08494208,5.739497954,20.87836856,0.06,1.74,2.41,2020,11.52,2016,4,4.860918309249994,132,1.39478,132,19356.4,1.268180391
qlys,2020-12-31,121.87,13.7,0.09,0.08,0.09,0.09,0.1,0.13,0.17,0.36,0.65,0.93,1.45,1.65,8.895620438,3.19682112,14.48963332,0.06,1.74,2.41,2020,11.37,2012,8,3.441022103249994,132,1.39478,132,19356.4,1.268180391
qtwo,2020-12-31,126.53,16.14,0.09,0.08,0.09,0.09,0.1,0.13,0.17,0.36,0.65,0.93,1.45,1.65,7.83952912,2.826170906,13.60935762,0.06,1.74,2.41,2020,11.97,2014,6,3.243255975249994,132,1.39478,132,19356.4,1.268180391
rng,2020-12-31,378.97,28.73,0.09,0.08,0.09,0.09,0.1,0.13,0.17,0.36,0.65,0.93,1.45,1.65,13.19074139,5.867936394,20.66943711,0.06,1.74,2.41,2020,22.04,2014,6,4.814949835499994,132,1.39478,132,19356.4,1.268180391
sap,2020-12-31,124.08,4.7,0.09,0.08,0.09,0.09,0.1,0.13,0.17,0.36,0.65,0.93,1.45,1.65,26.4,0.422202738,2.128472499,0.06,1.74,2.41,2020,5.64,2010,10,0.5284251142499939,132,1.39478,132,19356.4,1.268180391
shop,2020-12-31,113.2,47.35,0.09,0.08,0.09,0.09,0.1,0.13,0.17,0.36,0.65,0.93,1.45,1.65,2.390707497,16.87124335,70.22366512,0.06,1.74,2.41,2020,50.01,2016,4,14.283626296999994,132,1.39478,132,19356.4,1.268180391
sq,2020-12-31,217.64,10.71,0.09,0.08,0.09,0.09,0.1,0.13,0.17,0.36,0.65,0.93,1.45,1.65,20.32119514,22.51474157,91.64809999,0.06,1.74,2.41,2020,9.8,2016,4,17.880281655999994,132,1.39478,132,19356.4,1.268180391
team,2020-12-31,233.87,32.04,0.09,0.08,0.09,0.09,0.1,0.13,0.17,0.36,0.65,0.93,1.45,1.65,7.299313358,5.560783426,26.46724574,0.06,1.74,2.41,2020,26.29,2015,5,6.046838890249996,132,1.39478,132,19356.4,1.268180391
tenb,2020-12-31,52.26,11.93,0.09,0.08,0.09,0.09,0.1,0.13,0.17,0.36,0.65,0.93,1.45,1.65,4.380553227,3.740783711,18.10673559,0.06,1.74,2.41,2020,8.94,2019,1,4.249321969749997,132,1.39478,132,19356.4,1.268180391
ttd,2020-12-31,80.1,46.81,0.09,0.08,0.09,0.09,0.1,0.13,0.17,0.36,0.65,0.93,1.45,1.65,1.711172826,13.33056729,23.69447913,0.06,1.74,2.41,2020,34.36,2017,3,5.627594196749996,132,1.39478,132,19356.4,1.268180391
twlo,2020-12-31,338.5,27.69,0.09,0.08,0.09,0.09,0.1,0.13,0.17,0.36,0.65,0.93,1.45,1.65,12.22462983,10.77318463,38.31693499,0.06,1.74,2.41,2020,22.39,2017,3,8.457146541749996,132,1.39478,132,19356.4,1.268180391
twou,2020-12-31,40.01,3.41,0.09,0.08,0.09,0.09,0.1,0.13,0.17,0.36,0.65,0.93,1.45,1.65,11.73313783,4.648778046,24.71655467,0.06,1.74,2.41,2020,3.02,2014,6,5.682729252749997,132,1.39478,132,19356.4,1.268180391
wix,2020-12-31,249.96,13.75,0.09,0.08,0.09,0.09,0.1,0.13,0.17,0.36,0.65,0.93,1.45,1.65,18.17890909,6.141717588,20.17271984,0.06,1.74,2.41,2020,14.88,2014,6,4.704553365749996,132,1.39478,132,19356.4,1.268180391
wk,2020-12-31,91.62,12.57,0.09,0.08,0.09,0.09,0.1,0.13,0.17,0.36,0.65,0.93,1.45,1.65,7.288782816,2.874319878,12.84179818,0.06,1.74,2.41,2020,7.87,2015,5,3.0687454027499963,132,1.39478,132,19356.4,1.268180391
akam,2021-03-31,101.9,5.15,0.06,0.01,0.03,0.05,0.07,0.16,0.35,0.92,1.4,1.74,2.31,2.41,19.78640777,2.145280595,10.29695006,0.08,1.45,2.06,2021,5.42,2010,11,2.481145425,135,4.13055,135,20117.2,1.395644219
appf,2021-03-31,141.41,15.94,0.06,0.01,0.03,0.05,0.07,0.16,0.35,0.92,1.4,1.74,2.31,2.41,8.871392723,2.047624576,16.09970467,0.08,1.45,2.06,2021,20.71,2016,5,3.8224888275,135,4.13055,135,20117.2,1.395644219
appn,2021-03-31,132.95,29.41,0.06,0.01,0.03,0.05,0.07,0.16,0.35,0.92,1.4,1.74,2.31,2.41,4.520571234,1.991048206,6.749755719,0.08,1.45,2.06,2021,36.57,2018,3,1.6572424782500002,135,4.13055,135,20117.2,1.395644219
ayx,2021-03-31,82.96,11.03,0.06,0.01,0.03,0.05,0.07,0.16,0.35,0.92,1.4,1.74,2.31,2.41,7.52130553,1.527434863,9.535877536,0.08,1.45,2.06,2021,16.44,2017,4,2.3056866745,135,4.13055,135,20117.2,1.395644219
bl,2021-03-31,108.4,16.82,0.06,0.01,0.03,0.05,0.07,0.16,0.35,0.92,1.4,1.74,2.31,2.41,6.44470868,3.836249465,16.497205,0.08,1.45,2.06,2021,21.49,2017,4,3.89126044825,135,4.13055,135,20117.2,1.395644219
cdns,2021-03-31,136.99,13.68,0.06,0.01,0.03,0.05,0.07,0.16,0.35,0.92,1.4,1.74,2.31,2.41,10.01388889,4.300638504,18.12264453,0.08,1.45,2.06,2021,14.21,2010,11,4.2609262164999935,135,4.13055,135,20117.2,1.395644219
cflt,2021-03-31,242.84,12.61,0.06,0.01,0.03,0.05,0.07,0.16,0.35,0.92,1.4,1.74,2.31,2.41,19.25773196,6.484897039,25.11290243,0.08,1.45,2.06,2021,12.95,2016,5,5.761932300999994,135,4.13055,135,20117.2,1.395644219
dbx,2021-03-31,26.66,5.61,0.06,0.01,0.03,0.05,0.07,0.16,0.35,0.92,1.4,1.74,2.31,2.41,4.752228164,3.867988262,13.68590028,0.08,1.45,2.06,2021,4.85,2018,3,3.2593197489999923,135,4.13055,135,20117.2,1.395644219
evbg,2021-03-31,121.18,13.4,0.06,0.01,0.03,0.05,0.07,0.16,0.35,0.92,1.4,1.74,2.31,2.41,9.043283582,4.161252502,39.44137904,0.08,1.45,2.06,2021,17.17,2017,4,8.780888795249993,135,4.13055,135,20117.2,1.395644219
fivn,2021-03-31,156.33,21.27,0.06,0.01,0.03,0.05,0.07,0.16,0.35,0.92,1.4,1.74,2.31,2.41,7.349788434,7.676086295,28.13586167,0.08,1.45,2.06,2021,25.55,2015,6,6.400065735499992,135,4.13055,135,20117.2,1.395644219
fsly,2021-03-31,67.28,22.76,0.06,0.01,0.03,0.05,0.07,0.16,0.35,0.92,1.4,1.74,2.31,2.41,2.956063269,2.922564541,4.50571409,0.08,1.45,2.06,2021,30.42,2020,1,1.1464688054999914,135,4.13055,135,20117.2,1.395644219
ftnt,2021-03-31,36.88,11.25,0.06,0.01,0.03,0.05,0.07,0.16,0.35,0.92,1.4,1.74,2.31,2.41,3.278222222,6.147754217,26.39710002,0.08,1.45,2.06,2021,9.62,2010,11,6.031545561499992,135,4.13055,135,20117.2,1.395644219
hubs,2021-03-31,454.21,21.31,0.06,0.01,0.03,0.05,0.07,0.16,0.35,0.92,1.4,1.74,2.31,2.41,21.31440638,7.367746809,25.46358288,0.08,1.45,2.06,2021,19.97,2015,6,5.841408222999991,135,4.13055,135,20117.2,1.395644219
lspd,2021-03-31,227.05,8.34,0.06,0.01,0.03,0.05,0.07,0.16,0.35,0.92,1.4,1.74,2.31,2.41,27.22422062,33.96958412,137.0035243,0.08,1.45,2.06,2021,10.71,2016,5,24.289729947499996,135,4.13055,135,20117.2,1.395644219
mntv,2021-03-31,18.32,6.64,0.06,0.01,0.03,0.05,0.07,0.16,0.35,0.92,1.4,1.74,2.31,2.41,2.759036145,2.262513852,12.52619657,0.08,1.45,2.06,2021,9.47,2019,2,2.9953093692499926,135,4.13055,135,20117.2,1.395644219
msft,2021-03-31,232.15,11.08,0.06,0.01,0.03,0.05,0.07,0.16,0.35,0.92,1.4,1.74,2.31,2.41,20.95216606,-2.38304323,16.40092258,0.08,1.45,2.06,2021,10.18,2010,11,4.027052567999993,135,4.13055,135,20117.2,1.395644219
newr,2021-03-31,61.48,5.59,0.06,0.01,0.03,0.05,0.07,0.16,0.35,0.92,1.4,1.74,2.31,2.41,10.99821109,0.901019186,7.270614233,0.08,1.45,2.06,2021,6.0,2015,6,1.7730196517499928,135,4.13055,135,20117.2,1.395644219
now,2021-03-31,500.11,20.91,0.06,0.01,0.03,0.05,0.07,0.16,0.35,0.92,1.4,1.74,2.31,2.41,23.91726447,6.631119309,25.85398428,0.08,1.45,2.06,2021,24.54,2013,8,5.920878979999992,135,4.13055,135,20117.2,1.395644219
payc,2021-03-31,370.06,24.76,0.06,0.01,0.03,0.05,0.07,0.16,0.35,0.92,1.4,1.74,2.31,2.41,14.94588045,3.538846782,11.94058277,0.08,1.45,2.06,2021,31.33,2014,7,2.8628483897499937,135,4.13055,135,20117.2,1.395644219
pcty,2021-03-31,179.83,16.87,0.06,0.01,0.03,0.05,0.07,0.16,0.35,0.92,1.4,1.74,2.31,2.41,10.65975104,2.243739006,7.780317893,0.08,1.45,2.06,2021,19.75,2014,7,1.8912987752499948,135,4.13055,135,20117.2,1.395644219
pypl,2021-03-31,242.84,12.61,0.06,0.01,0.03,0.05,0.07,0.16,0.35,0.92,1.4,1.74,2.31,2.41,19.25773196,6.484897039,25.11290243,0.08,1.45,2.06,2021,12.95,2016,5,5.7619323009999945,135,4.13055,135,20117.2,1.395644219
qlys,2021-03-31,104.78,11.42,0.06,0.01,0.03,0.05,0.07,0.16,0.35,0.92,1.4,1.74,2.31,2.41,9.175131349,3.14211822,13.7003287,0.08,1.45,2.06,2021,13.7,2012,9,3.2620196514999944,135,4.13055,135,20117.2,1.395644219
qtwo,2021-03-31,100.2,12.49,0.06,0.01,0.03,0.05,0.07,0.16,0.35,0.92,1.4,1.74,2.31,2.41,8.022417934,2.332905604,11.7922445,0.08,1.45,2.06,2021,16.14,2014,7,2.827416604999994,135,4.13055,135,20117.2,1.395644219
rng,2021-03-31,297.88,21.25,0.06,0.01,0.03,0.05,0.07,0.16,0.35,0.92,1.4,1.74,2.31,2.41,14.01788235,6.270617727,21.71631131,0.08,1.45,2.06,2021,28.73,2014,7,5.043456529499994,135,4.13055,135,20117.2,1.395644219
sap,2021-03-31,116.85,4.35,0.06,0.01,0.03,0.05,0.07,0.16,0.35,0.92,1.4,1.74,2.31,2.41,26.86206897,1.750261233,2.926757835,0.08,1.45,2.06,2021,4.7,2010,11,0.7257152632499939,135,4.13055,135,20117.2,1.395644219
shop,2021-03-31,110.65,39.96,0.06,0.01,0.03,0.05,0.07,0.16,0.35,0.92,1.4,1.74,2.31,2.41,2.769019019,15.8242496,82.45371181,0.08,1.45,2.06,2021,47.35,2016,5,16.224578834999996,135,4.13055,135,20117.2,1.395644219
sq,2021-03-31,227.05,8.34,0.06,0.01,0.03,0.05,0.07,0.16,0.35,0.92,1.4,1.74,2.31,2.41,27.22422062,33.96958412,137.0035243,0.08,1.45,2.06,2021,10.71,2016,5,24.2897299475,135,4.13055,135,20117.2,1.395644219
team,2021-03-31,210.76,26.84,0.06,0.01,0.03,0.05,0.07,0.16,0.35,0.92,1.4,1.74,2.31,2.41,7.852459016,7.578050577,27.57528491,0.08,1.45,2.06,2021,32.04,2015,6,6.280427813999997,135,4.13055,135,20117.2,1.395644219
tenb,2021-03-31,36.19,8.0,0.06,0.01,0.03,0.05,0.07,0.16,0.35,0.92,1.4,1.74,2.31,2.41,4.52375,3.268919824,16.3013495,0.08,1.45,2.06,2021,11.93,2019,2,3.848552175249997,135,4.13055,135,20117.2,1.395644219
ttd,2021-03-31,65.17,35.81,0.06,0.01,0.03,0.05,0.07,0.16,0.35,0.92,1.4,1.74,2.31,2.41,1.819882714,6.352946139,24.65725121,0.08,1.45,2.06,2021,46.81,2017,4,5.832944559249996,135,4.13055,135,20117.2,1.395644219
twlo,2021-03-31,340.76,25.95,0.06,0.01,0.03,0.05,0.07,0.16,0.35,0.92,1.4,1.74,2.31,2.41,13.13140655,7.417621093,38.8122762,0.08,1.45,2.06,2021,27.69,2017,4,8.552974474999997,135,4.13055,135,20117.2,1.395644219
twou,2021-03-31,38.23,3.15,0.06,0.01,0.03,0.05,0.07,0.16,0.35,0.92,1.4,1.74,2.31,2.41,12.13650794,3.437870691,20.10681747,0.08,1.45,2.06,2021,3.41,2014,7,4.690234798499997,135,4.13055,135,20117.2,1.395644219
wix,2021-03-31,279.22,14.42,0.06,0.01,0.03,0.05,0.07,0.16,0.35,0.92,1.4,1.74,2.31,2.41,19.36338419,6.515655542,22.72567443,0.08,1.45,2.06,2021,13.75,2014,7,5.258491310999997,135,4.13055,135,20117.2,1.395644219
wk,2021-03-31,88.26,11.68,0.06,0.01,0.03,0.05,0.07,0.16,0.35,0.92,1.4,1.74,2.31,2.41,7.556506849,3.67309659,12.42436729,0.08,1.45,2.06,2021,12.57,2015,6,2.9725110327499964,135,4.13055,135,20117.2,1.395644219
akam,2021-06-30,116.6,5.8,0.08,0.05,0.05,0.06,0.07,0.25,0.46,0.87,1.21,1.45,2.0,2.06,20.10344828,1.602314642,8.692656193,0.06,1.52,2.08,2021,5.15,2010,11,2.10623515925,138,5.22151,138,20663.2,0.762182485
appf,2021-06-30,141.2,15.53,0.08,0.05,0.05,0.06,0.07,0.25,0.46,0.87,1.21,1.45,2.0,2.06,9.092079845,2.487626573,11.98161152,0.06,1.52,2.08,2021,15.94,2016,5,2.8802502145,138,5.22151,138,20663.2,0.762182485
appn,2021-06-30,137.75,29.22,0.08,0.05,0.05,0.06,0.07,0.25,0.46,0.87,1.21,1.45,2.0,2.06,4.714236824,4.284095522,12.22183269,0.06,1.52,2.08,2021,29.41,2018,3,2.92849822225,138,5.22151,138,20663.2,0.762182485
ayx,2021-06-30,86.02,10.96,0.08,0.05,0.05,0.06,0.07,0.25,0.46,0.87,1.21,1.45,2.0,2.06,7.848540146,4.350768817,11.9377256,0.06,1.52,2.08,2021,11.03,2017,4,2.8654503535,138,5.22151,138,20663.2,0.762182485
bl,2021-06-30,111.27,16.54,0.08,0.05,0.05,0.06,0.07,0.25,0.46,0.87,1.21,1.45,2.0,2.06,6.72732769,4.385287595,17.16633922,0.06,1.52,2.08,2021,16.82,2017,4,4.04029593325,138,5.22151,138,20663.2,0.762182485
cdns,2021-06-30,136.82,13.23,0.08,0.05,0.05,0.06,0.07,0.25,0.46,0.87,1.21,1.45,2.0,2.06,10.34164777,3.27304292,18.87075334,0.06,1.52,2.08,2021,13.68,2010,11,4.423412512749993,138,5.22151,138,20663.2,0.762182485
cflt,2021-06-30,291.48,14.52,0.08,0.05,0.05,0.06,0.07,0.25,0.46,0.87,1.21,1.45,2.0,2.06,20.07438017,4.240625055,23.85902932,0.06,1.52,2.08,2021,12.61,2016,5,5.4981152067499925,138,5.22151,138,20663.2,0.762182485
dbx,2021-06-30,30.31,6.09,0.08,0.05,0.05,0.06,0.07,0.25,0.46,0.87,1.21,1.45,2.0,2.06,4.977011494,4.730061826,15.45203512,0.06,1.52,2.08,2021,5.61,2018,3,3.659848443249993,138,5.22151,138,20663.2,0.762182485
ddog,2021-06-30,104.08,41.48,0.08,0.05,0.05,0.06,0.07,0.25,0.46,0.87,1.21,1.45,2.0,2.06,2.509161041,15.40213909,-1.942159645,0.06,1.52,2.08,2021,38.33,2020,1,0.4758119349999918,138,5.22151,138,20663.2,0.762182485
dt,2021-06-30,58.42,22.14,0.08,0.05,0.05,0.06,0.07,0.25,0.46,0.87,1.21,1.45,2.0,2.06,2.638663053,7.264059857,24.65408217,0.06,1.52,2.08,2021,19.61,2020,1,5.668540485999992,138,5.22151,138,20663.2,0.762182485
evbg,2021-06-30,136.08,14.68,0.08,0.05,0.05,0.06,0.07,0.25,0.46,0.87,1.21,1.45,2.0,2.06,9.269754768,2.504302605,33.99472056,0.06,1.52,2.08,2021,13.4,2017,4,7.739232216249992,138,5.22151,138,20663.2,0.762182485
fivn,2021-06-30,183.39,23.19,0.08,0.05,0.05,0.06,0.07,0.25,0.46,0.87,1.21,1.45,2.0,2.06,7.908150065,7.596975549,31.26657332,0.06,1.52,2.08,2021,21.27,2015,6,7.041613496249992,138,5.22151,138,20663.2,0.762182485
fsly,2021-06-30,59.6,20.23,0.08,0.05,0.05,0.06,0.07,0.25,0.46,0.87,1.21,1.45,2.0,2.06,2.946119624,-0.336381318,5.067769052,0.06,1.52,2.08,2021,22.76,2020,1,1.2797552354999917,138,5.22151,138,20663.2,0.762182485
ftnt,2021-06-30,47.64,13.65,0.08,0.05,0.05,0.06,0.07,0.25,0.46,0.87,1.21,1.45,2.0,2.06,3.49010989,6.463493123,27.14425829,0.06,1.52,2.08,2021,11.25,2010,11,6.187952702749992,138,5.22151,138,20663.2,0.762182485
hubs,2021-06-30,582.72,24.96,0.08,0.05,0.05,0.06,0.07,0.25,0.46,0.87,1.21,1.45,2.0,2.06,23.34615385,9.532273279,31.74161252,0.06,1.52,2.08,2021,21.31,2015,6,7.146324045499991,138,5.22151,138,20663.2,0.762182485
lspd,2021-06-30,243.8,7.66,0.08,0.05,0.05,0.06,0.07,0.25,0.46,0.87,1.21,1.45,2.0,2.06,31.82767624,16.90941195,143.2418177,0.06,1.52,2.08,2021,8.34,2016,5,25.039308299999995,138,5.22151,138,20663.2,0.762182485
mntv,2021-06-30,21.07,7.38,0.08,0.05,0.05,0.06,0.07,0.25,0.46,0.87,1.21,1.45,2.0,2.06,2.85501355,3.478657057,12.55108643,0.06,1.52,2.08,2021,6.64,2019,2,3.001030258249993,138,5.22151,138,20663.2,0.762182485
msft,2021-06-30,267.35,12.11,0.08,0.05,0.05,0.06,0.07,0.25,0.46,0.87,1.21,1.45,2.0,2.06,22.07679604,5.367607186,8.76909213,0.06,1.52,2.08,2021,11.08,2010,11,2.178761619499993,138,5.22151,138,20663.2,0.762182485
net,2021-06-30,105.84,60.68,0.08,0.05,0.05,0.06,0.07,0.25,0.46,0.87,1.21,1.45,2.0,2.06,1.744232037,10.19991477,-5.292324449,0.06,1.52,2.08,2021,44.39,2020,1,-0.7474927255000074,138,5.22151,138,20663.2,0.762182485
newr,2021-06-30,66.97,6.01,0.08,0.05,0.05,0.06,0.07,0.25,0.46,0.87,1.21,1.45,2.0,2.06,11.14309484,1.317339243,5.770450314,0.06,1.52,2.08,2021,5.59,2015,6,1.4137685182499928,138,5.22151,138,20663.2,0.762182485
now,2021-06-30,549.55,21.49,0.08,0.05,0.05,0.06,0.07,0.25,0.46,0.87,1.21,1.45,2.0,2.06,25.57235924,6.92008391,28.8529729,0.06,1.52,2.08,2021,20.91,2013,8,6.543006873499992,138,5.22151,138,20663.2,0.762182485
payc,2021-06-30,363.47,22.72,0.08,0.05,0.05,0.06,0.07,0.25,0.46,0.87,1.21,1.45,2.0,2.06,15.9977993,7.038185852,17.86710358,0.06,1.52,2.08,2021,24.76,2014,7,4.208355357999993,138,5.22151,138,20663.2,0.762182485
pcty,2021-06-30,190.8,16.9,0.08,0.05,0.05,0.06,0.07,0.25,0.46,0.87,1.21,1.45,2.0,2.06,11.28994083,5.911862189,12.28805362,0.06,1.52,2.08,2021,16.87,2014,7,2.954240622499994,138,5.22151,138,20663.2,0.762182485
pypl,2021-06-30,291.48,14.52,0.08,0.05,0.05,0.06,0.07,0.25,0.46,0.87,1.21,1.45,2.0,2.06,20.07438017,4.240625055,23.85902932,0.06,1.52,2.08,2021,12.61,2016,5,5.498115206749994,138,5.22151,138,20663.2,0.762182485
qlys,2021-06-30,100.69,10.61,0.08,0.05,0.05,0.06,0.07,0.25,0.46,0.87,1.21,1.45,2.0,2.06,9.490103676,3.432891752,13.76811463,0.06,1.52,2.08,2021,11.42,2012,9,3.277426636499994,138,5.22151,138,20663.2,0.762182485
qtwo,2021-06-30,102.58,12.34,0.08,0.05,0.05,0.06,0.07,0.25,0.46,0.87,1.21,1.45,2.0,2.06,8.31280389,3.619681221,13.07893856,0.06,1.52,2.08,2021,12.49,2014,7,3.122181551499994,138,5.22151,138,20663.2,0.762182485
rng,2021-06-30,290.58,19.09,0.08,0.05,0.05,0.06,0.07,0.25,0.46,0.87,1.21,1.45,2.0,2.06,15.22158198,8.586886356,28.3374671,0.06,1.52,2.08,2021,21.25,2014,7,6.444003672249995,138,5.22151,138,20663.2,0.762182485
sap,2021-06-30,135.9,4.97,0.08,0.05,0.05,0.06,0.07,0.25,0.46,0.87,1.21,1.45,2.0,2.06,27.34406439,1.794334686,4.680024298,0.06,1.52,2.08,2021,4.35,2010,11,1.1519489079999938,138,5.22151,138,20663.2,0.762182485
shop,2021-06-30,146.1,47.67,0.08,0.05,0.05,0.06,0.07,0.25,0.46,0.87,1.21,1.45,2.0,2.06,3.064820642,10.68254212,72.51724283,0.06,1.52,2.08,2021,39.96,2016,5,14.630834309999996,138,5.22151,138,20663.2,0.762182485
sq,2021-06-30,243.8,7.66,0.08,0.05,0.05,0.06,0.07,0.25,0.46,0.87,1.21,1.45,2.0,2.06,31.82767624,16.90941195,143.2418177,0.06,1.52,2.08,2021,8.34,2016,5,25.039308299999995,138,5.22151,138,20663.2,0.762182485
team,2021-06-30,256.86,30.82,0.08,0.05,0.05,0.06,0.07,0.25,0.46,0.87,1.21,1.45,2.0,2.06,8.334198572,6.134887873,27.96949935,0.06,1.52,2.08,2021,26.84,2015,6,6.362165856999996,138,5.22151,138,20663.2,0.762182485
tenb,2021-06-30,41.35,8.83,0.08,0.05,0.05,0.06,0.07,0.25,0.46,0.87,1.21,1.45,2.0,2.06,4.682899207,3.518081398,15.14810865,0.06,1.52,2.08,2021,8.0,2019,2,3.589361466249997,138,5.22151,138,20663.2,0.762182485
ttd,2021-06-30,77.36,36.89,0.08,0.05,0.05,0.06,0.07,0.25,0.46,0.87,1.21,1.45,2.0,2.06,2.09704527,15.22969328,48.46977334,0.06,1.52,2.08,2021,35.81,2017,4,10.453261476249995,138,5.22151,138,20663.2,0.762182485
twlo,2021-06-30,394.16,27.84,0.08,0.05,0.05,0.06,0.07,0.25,0.46,0.87,1.21,1.45,2.0,2.06,14.15804598,7.818198469,39.37370937,0.06,1.52,2.08,2021,25.95,2017,4,8.661554337749998,138,5.22151,138,20663.2,0.762182485
twou,2021-06-30,41.67,3.34,0.08,0.05,0.05,0.06,0.07,0.25,0.46,0.87,1.21,1.45,2.0,2.06,12.4760479,2.797674335,16.67536897,0.06,1.52,2.08,2021,3.15,2014,7,3.934409193249997,138,5.22151,138,20663.2,0.762182485
wix,2021-06-30,290.28,14.58,0.08,0.05,0.05,0.06,0.07,0.25,0.46,0.87,1.21,1.45,2.0,2.06,19.90946502,2.820172479,21.37453892,0.06,1.52,2.08,2021,14.42,2014,7,4.972344010499996,138,5.22151,138,20663.2,0.762182485
wk,2021-06-30,111.33,14.12,0.08,0.05,0.05,0.06,0.07,0.25,0.46,0.87,1.21,1.45,2.0,2.06,7.884560907,4.34134533,14.82656471,0.06,1.52,2.08,2021,11.68,2015,6,3.5182221032499967,138,5.22151,138,20663.2,0.762182485
akam,2021-09-30,104.59,5.1,0.06,0.07,0.04,0.05,0.09,0.28,0.53,0.98,1.32,1.52,2.02,2.08,20.50784314,2.011569636,8.160598417,0.07,1.52,1.9,2021,5.8,2010,11,1.98078270775,141,6.23775,141,21115.9,0.723614543
appf,2021-09-30,120.4,12.67,0.06,0.07,0.04,0.05,0.09,0.28,0.53,0.98,1.32,1.52,2.02,2.08,9.502762431,4.516926737,11.03643853,0.07,1.52,1.9,2021,15.53,2016,5,2.6578309410000003,141,6.23775,141,21115.9,0.723614543
appn,2021-09-30,92.51,18.85,0.06,0.07,0.04,0.05,0.09,0.28,0.53,0.98,1.32,1.52,2.02,2.08,4.907692308,4.103643725,14.22227502,0.07,1.52,1.9,2021,29.22,2018,3,3.3843054100000005,141,6.23775,141,21115.9,0.723614543
ayx,2021-09-30,73.1,9.34,0.06,0.07,0.04,0.05,0.09,0.28,0.53,0.98,1.32,1.52,2.02,2.08,7.826552463,-0.280149978,7.869261152,0.07,1.52,1.9,2021,10.96,2017,4,1.92517631125,141,6.23775,141,21115.9,0.723614543
bill,2021-09-30,266.95,74.87,0.06,0.07,0.04,0.05,0.09,0.28,0.53,0.98,1.32,1.52,2.02,2.08,3.565513557,22.64603626,-7.440960004,0.07,1.52,1.9,2021,63.01,2020,1,-0.0983726690000006,141,6.23775,141,21115.9,0.723614543
bl,2021-09-30,118.06,16.83,0.06,0.07,0.04,0.05,0.09,0.28,0.53,0.98,1.32,1.52,2.02,2.08,7.014854427,4.274011159,17.47513661,0.07,1.52,1.9,2021,16.54,2017,4,4.1088200975,141,6.23775,141,21115.9,0.723614543
cdns,2021-09-30,151.44,14.21,0.06,0.07,0.04,0.05,0.09,0.28,0.53,0.98,1.32,1.52,2.02,2.08,10.6572836,3.052084541,18.13663339,0.07,1.52,1.9,2021,13.23,2010,11,4.263316976499993,141,6.23775,141,21115.9,0.723614543
cflt,2021-09-30,260.21,12.58,0.06,0.07,0.04,0.05,0.09,0.28,0.53,0.98,1.32,1.52,2.02,2.08,20.68441971,3.038896063,20.93818967,0.07,1.52,1.9,2021,14.52,2016,5,4.8759790277499935,141,6.23775,141,21115.9,0.723614543
dbx,2021-09-30,29.22,5.62,0.06,0.07,0.04,0.05,0.09,0.28,0.53,0.98,1.32,1.52,2.02,2.08,5.199288256,4.46606889,17.15945499,0.07,1.52,1.9,2021,6.09,2018,3,4.040456739249993,141,6.23775,141,21115.9,0.723614543
ddog,2021-09-30,141.35,49.25,0.06,0.07,0.04,0.05,0.09,0.28,0.53,0.98,1.32,1.52,2.02,2.08,2.870050761,14.38288392,33.66974866,0.07,1.52,1.9,2021,41.48,2020,1,8.094201312499992,141,6.23775,141,21115.9,0.723614543
dt,2021-09-30,70.97,25.1,0.06,0.07,0.04,0.05,0.09,0.28,0.53,0.98,1.32,1.52,2.02,2.08,2.82749004,7.156161387,27.58859249,0.07,1.52,1.9,2021,22.14,2020,1,6.284682678999992,141,6.23775,141,21115.9,0.723614543
evbg,2021-09-30,151.04,16.34,0.06,0.07,0.04,0.05,0.09,0.28,0.53,0.98,1.32,1.52,2.02,2.08,9.243574051,-0.282431603,24.90918884,0.07,1.52,1.9,2021,14.68,2017,4,5.925940618499992,141,6.23775,141,21115.9,0.723614543
fivn,2021-09-30,159.74,18.85,0.06,0.07,0.04,0.05,0.09,0.28,0.53,0.98,1.32,1.52,2.02,2.08,8.474270557,7.158696885,33.24365874,0.07,1.52,1.9,2021,23.19,2015,6,7.439121902999991,141,6.23775,141,21115.9,0.723614543
fsly,2021-09-30,40.44,13.38,0.06,0.07,0.04,0.05,0.09,0.28,0.53,0.98,1.32,1.52,2.02,2.08,3.022421525,2.589911819,2.919776512,0.07,1.52,1.9,2021,20.23,2020,1,0.7444782149999916,141,6.23775,141,21115.9,0.723614543
ftnt,2021-09-30,58.41,15.62,0.06,0.07,0.04,0.05,0.09,0.28,0.53,0.98,1.32,1.52,2.02,2.08,3.73943662,7.143807429,28.72169349,0.07,1.52,1.9,2021,13.65,2010,11,6.516204313499991,141,6.23775,141,21115.9,0.723614543
hubs,2021-09-30,676.09,26.47,0.06,0.07,0.04,0.05,0.09,0.28,0.53,0.98,1.32,1.52,2.02,2.08,25.54174537,9.404510655,36.96032234,0.07,1.52,1.9,2021,24.96,2015,6,8.18850616149999,141,6.23775,141,21115.9,0.723614543
lspd,2021-09-30,239.84,7.22,0.06,0.07,0.04,0.05,0.09,0.28,0.53,0.98,1.32,1.52,2.02,2.08,33.21883657,4.3709139,100.2735148,0.07,1.52,1.9,2021,7.66,2016,5,19.441162884999997,141,6.23775,141,21115.9,0.723614543
mntv,2021-09-30,19.6,6.64,0.06,0.07,0.04,0.05,0.09,0.28,0.53,0.98,1.32,1.52,2.02,2.08,2.951807229,3.390305408,12.81217134,0.07,1.52,1.9,2021,7.38,2019,2,3.060850153999993,141,6.23775,141,21115.9,0.723614543
msft,2021-09-30,278.76,14.2,0.06,0.07,0.04,0.05,0.09,0.28,0.53,0.98,1.32,1.52,2.02,2.08,19.63098592,-11.07864618,-3.597837022,0.07,1.52,1.9,2021,12.11,2010,11,-0.673052200750007,141,6.23775,141,21115.9,0.723614543
net,2021-09-30,112.65,58.86,0.06,0.07,0.04,0.05,0.09,0.28,0.53,0.98,1.32,1.52,2.02,2.08,1.913863405,9.725275318,20.11753517,0.07,1.52,1.9,2021,60.68,2020,1,5.055373271499993,141,6.23775,141,21115.9,0.723614543
newr,2021-09-30,71.77,6.27,0.06,0.07,0.04,0.05,0.09,0.28,0.53,0.98,1.32,1.52,2.02,2.08,11.44657097,2.723445643,6.219954202,0.07,1.52,1.9,2021,6.01,2015,6,1.522445340249993,141,6.23775,141,21115.9,0.723614543
now,2021-09-30,622.27,22.79,0.06,0.07,0.04,0.05,0.09,0.28,0.53,0.98,1.32,1.52,2.02,2.08,27.30451953,6.773564665,29.54164831,0.07,1.52,1.9,2021,21.49,2013,8,6.684915536249993,141,6.23775,141,21115.9,0.723614543
payc,2021-09-30,495.75,29.12,0.06,0.07,0.04,0.05,0.09,0.28,0.53,0.98,1.32,1.52,2.02,2.08,17.02438187,6.4170237,22.00898152,0.07,1.52,1.9,2021,22.72,2014,7,5.111498546999993,141,6.23775,141,21115.9,0.723614543
pcty,2021-09-30,280.4,23.2,0.06,0.07,0.04,0.05,0.09,0.28,0.53,0.98,1.32,1.52,2.02,2.08,12.0862069,7.052880792,18.45111703,0.07,1.52,1.9,2021,16.9,2014,7,4.346742671249995,141,6.23775,141,21115.9,0.723614543
pypl,2021-09-30,260.21,12.58,0.06,0.07,0.04,0.05,0.09,0.28,0.53,0.98,1.32,1.52,2.02,2.08,20.68441971,3.038896063,20.93818967,0.07,1.52,1.9,2021,14.52,2016,5,4.875979027749994,141,6.23775,141,21115.9,0.723614543
qlys,2021-09-30,111.29,11.32,0.06,0.07,0.04,0.05,0.09,0.28,0.53,0.98,1.32,1.52,2.02,2.08,9.831272085,3.594991379,14.05118213,0.07,1.52,1.9,2021,10.61,2012,9,3.3417056177499944,141,6.23775,141,21115.9,0.723614543
qtwo,2021-09-30,80.14,9.3,0.06,0.07,0.04,0.05,0.09,0.28,0.53,0.98,1.32,1.52,2.02,2.08,8.617204301,3.661825965,13.02644695,0.07,1.52,1.9,2021,12.34,2014,7,3.110145923999994,141,6.23775,141,21115.9,0.723614543
rng,2021-09-30,217.5,13.31,0.06,0.07,0.04,0.05,0.09,0.28,0.53,0.98,1.32,1.52,2.02,2.08,16.34109692,7.354787045,31.15246208,0.07,1.52,1.9,2021,19.09,2014,7,7.020056880499995,141,6.23775,141,21115.9,0.723614543
sap,2021-09-30,130.65,4.71,0.06,0.07,0.04,0.05,0.09,0.28,0.53,0.98,1.32,1.52,2.02,2.08,27.7388535,1.443783599,5.515029175,0.07,1.52,1.9,2021,4.97,2010,11,1.352645563999994,141,6.23775,141,21115.9,0.723614543
shop,2021-09-30,135.58,40.7,0.06,0.07,0.04,0.05,0.09,0.28,0.53,0.98,1.32,1.52,2.02,2.08,3.331203931,8.691643669,62.8480045,0.07,1.52,1.9,2021,47.67,2016,5,13.017419684749996,141,6.23775,141,21115.9,0.723614543
spt,2021-09-30,121.95,37.71,0.06,0.07,0.04,0.05,0.09,0.28,0.53,0.98,1.32,1.52,2.02,2.08,3.233890215,8.821020536,4.576449803,0.07,1.52,1.9,2021,30.09,2020,1,1.6699878079999946,141,6.23775,141,21115.9,0.723614543
sq,2021-09-30,239.84,7.22,0.06,0.07,0.04,0.05,0.09,0.28,0.53,0.98,1.32,1.52,2.02,2.08,33.21883657,4.3709139,100.2735148,0.07,1.52,1.9,2021,7.66,2016,5,19.441162885,141,6.23775,141,21115.9,0.723614543
team,2021-09-30,391.42,43.89,0.06,0.07,0.04,0.05,0.09,0.28,0.53,0.98,1.32,1.52,2.02,2.08,8.918204602,7.007344797,28.97277023,0.07,1.52,1.9,2021,30.82,2015,6,6.570266668249997,141,6.23775,141,21115.9,0.723614543
tenb,2021-09-30,46.14,9.46,0.06,0.07,0.04,0.05,0.09,0.28,0.53,0.98,1.32,1.52,2.02,2.08,4.877378436,4.15296635,15.50665752,0.07,1.52,1.9,2021,8.83,2019,2,3.670187820749997,141,6.23775,141,21115.9,0.723614543
ttd,2021-09-30,70.3,31.09,0.06,0.07,0.04,0.05,0.09,0.28,0.53,0.98,1.32,1.52,2.02,2.08,2.261177227,7.826819957,49.75722732,0.07,1.52,1.9,2021,36.89,2017,4,10.685006666499996,141,6.23775,141,21115.9,0.723614543
twlo,2021-09-30,319.05,20.85,0.06,0.07,0.04,0.05,0.09,0.28,0.53,0.98,1.32,1.52,2.02,2.08,15.30215827,8.081004245,38.66013345,0.07,1.52,1.9,2021,27.84,2017,4,8.522502109249999,141,6.23775,141,21115.9,0.723614543
twou,2021-09-30,33.57,2.65,0.06,0.07,0.04,0.05,0.09,0.28,0.53,0.98,1.32,1.52,2.02,2.08,12.66792453,1.537959982,12.98621404,0.07,1.52,1.9,2021,3.34,2014,7,3.1055707634999967,141,6.23775,141,21115.9,0.723614543
wix,2021-09-30,195.97,9.51,0.06,0.07,0.04,0.05,0.09,0.28,0.53,0.98,1.32,1.52,2.02,2.08,20.60672976,3.502177165,20.31710371,0.07,1.52,1.9,2021,14.58,2014,7,4.744930693499996,141,6.23775,141,21115.9,0.723614543
wk,2021-09-30,140.96,17.05,0.06,0.07,0.04,0.05,0.09,0.28,0.53,0.98,1.32,1.52,2.02,2.08,8.26744868,4.856171173,16.68726886,0.07,1.52,1.9,2021,14.12,2015,6,3.9362332427499966,141,6.23775,141,21115.9,0.723614543
akam,2021-12-31,117.04,5.61,0.07,0.06,0.06,0.19,0.39,0.73,0.97,1.26,1.44,1.52,1.94,1.9,20.8627451,1.730566976,7.701760579,0.33,2.32,2.44,2021,5.1,2010,11,1.87243296225,144,7.59528,144,21561.9,0.053827557
appf,2021-12-31,121.06,11.93,0.07,0.06,0.06,0.19,0.39,0.73,0.97,1.26,1.44,1.52,1.94,1.9,10.14752724,6.785025049,16.7269991,0.33,2.32,2.44,2021,12.67,2016,5,3.95930073375,144,7.59528,144,21561.9,0.053827557
appn,2021-12-31,65.21,12.53,0.07,0.06,0.06,0.19,0.39,0.73,0.97,1.26,1.44,1.52,1.94,1.9,5.204309657,6.043927177,17.4172399,0.33,2.32,2.44,2021,18.85,2018,3,4.1056786575,144,7.59528,144,21561.9,0.053827557
ayx,2021-12-31,60.5,7.58,0.07,0.06,0.06,0.19,0.39,0.73,0.97,1.26,1.44,1.52,1.94,1.9,7.981530343,1.980155135,7.739846325,0.33,2.32,2.44,2021,9.34,2017,4,1.89455220925,144,7.59528,144,21561.9,0.053827557
bill,2021-12-31,249.15,56.33,0.07,0.06,0.06,0.19,0.39,0.73,0.97,1.26,1.44,1.52,1.94,1.9,4.423042784,24.05065114,60.07202455,0.33,2.32,2.44,2021,74.87,2020,1,12.9817231785,144,7.59528,144,21561.9,0.053827557
bl,2021-12-31,103.54,14.17,0.07,0.06,0.06,0.19,0.39,0.73,0.97,1.26,1.44,1.52,1.94,1.9,7.306986591,4.164479361,17.72915118,0.33,2.32,2.44,2021,16.83,2017,4,4.165006894999999,144,7.59528,144,21561.9,0.053827557
cdns,2021-12-31,186.35,17.4,0.07,0.06,0.06,0.19,0.39,0.73,0.97,1.26,1.44,1.52,1.94,1.9,10.70977011,0.492494277,11.54865743,0.33,2.32,2.44,2021,14.21,2010,11,2.7795650604999933,144,7.59528,144,21561.9,0.053827557
cflt,2021-12-31,188.58,8.82,0.07,0.06,0.06,0.19,0.39,0.73,0.97,1.26,1.44,1.52,1.94,1.9,21.38095238,3.367426676,18.22516368,0.33,2.32,2.44,2021,12.58,2016,5,4.2829612082499935,144,7.59528,144,21561.9,0.053827557
dbx,2021-12-31,24.54,4.54,0.07,0.06,0.06,0.19,0.39,0.73,0.97,1.26,1.44,1.52,1.94,1.9,5.405286344,3.96204398,18.14167989,0.33,2.32,2.44,2021,5.62,2018,3,4.256540739499992,144,7.59528,144,21561.9,0.053827557
ddog,2021-12-31,178.11,53.42,0.07,0.06,0.06,0.19,0.39,0.73,0.97,1.26,1.44,1.52,1.94,1.9,3.334144515,16.17022807,73.10862065,0.33,2.32,2.44,2021,49.25,2020,1,14.710889057499992,144,7.59528,144,21561.9,0.053827557
dt,2021-12-31,60.35,20.02,0.07,0.06,0.06,0.19,0.39,0.73,0.97,1.26,1.44,1.52,1.94,1.9,3.014485514,6.613479518,28.67471101,0.33,2.32,2.44,2021,25.1,2020,1,6.509658654999992,144,7.59528,144,21561.9,0.053827557
evbg,2021-12-31,67.33,6.89,0.07,0.06,0.06,0.19,0.39,0.73,0.97,1.26,1.44,1.52,1.94,1.9,9.772133527,5.718128859,12.55620357,0.33,2.32,2.44,2021,16.34,2017,4,3.025313090749992,144,7.59528,144,21561.9,0.053827557
fivn,2021-12-31,137.32,15.17,0.07,0.06,0.06,0.19,0.39,0.73,0.97,1.26,1.44,1.52,1.94,1.9,9.052076467,6.818355701,32.6149964,0.33,2.32,2.44,2021,18.85,2015,6,7.312528607499992,144,7.59528,144,21561.9,0.053827557
fsly,2021-12-31,35.45,11.56,0.07,0.06,0.06,0.19,0.39,0.73,0.97,1.26,1.44,1.52,1.94,1.9,3.066608997,1.461989055,6.771484119,0.33,2.32,2.44,2021,13.38,2020,1,1.6595210242499916,144,7.59528,144,21561.9,0.053827557
ftnt,2021-12-31,71.88,17.97,0.07,0.06,0.06,0.19,0.39,0.73,0.97,1.26,1.44,1.52,1.94,1.9,4.0,6.967984934,29.51868058,0.33,2.32,2.44,2021,15.62,2010,11,6.680759925749992,144,7.59528,144,21561.9,0.053827557
hubs,2021-12-31,659.15,23.72,0.07,0.06,0.06,0.19,0.39,0.73,0.97,1.26,1.44,1.52,1.94,1.9,27.78878583,8.797521195,39.98134727,0.33,2.32,2.44,2021,26.47,2015,6,8.77551298449999,144,7.59528,144,21561.9,0.053827557
lspd,2021-12-31,161.51,4.64,0.07,0.06,0.06,0.19,0.39,0.73,0.97,1.26,1.44,1.52,1.94,1.9,34.80818966,4.784493542,71.29007131,0.33,2.32,2.44,2021,7.22,2016,5,15.00860087799999,144,7.59528,144,21561.9,0.053827557
mntv,2021-12-31,21.15,6.98,0.07,0.06,0.06,0.19,0.39,0.73,0.97,1.26,1.44,1.52,1.94,1.9,3.03008596,2.651891702,12.30886121,0.33,2.32,2.44,2021,6.64,2019,2,2.945842004749993,144,7.59528,144,21561.9,0.053827557
msft,2021-12-31,333.16,13.85,0.07,0.06,0.06,0.19,0.39,0.73,0.97,1.26,1.44,1.52,1.94,1.9,24.05487365,22.53522951,12.07259209,0.33,2.32,2.44,2021,14.2,2010,11,3.610286821499993,144,7.59528,144,21561.9,0.053827557
net,2021-12-31,131.5,62.22,0.07,0.06,0.06,0.19,0.39,0.73,0.97,1.26,1.44,1.52,1.94,1.9,2.113468338,10.42942422,46.79412934,0.33,2.32,2.44,2021,58.86,2020,1,10.072401112499993,144,7.59528,144,21561.9,0.053827557
newr,2021-12-31,109.96,9.28,0.07,0.06,0.06,0.19,0.39,0.73,0.97,1.26,1.44,1.52,1.94,1.9,11.84913793,3.516921872,8.707687441,0.33,2.32,2.44,2021,6.27,2015,6,2.1146814859999927,144,7.59528,144,21561.9,0.053827557
now,2021-12-31,649.11,22.32,0.07,0.06,0.06,0.19,0.39,0.73,0.97,1.26,1.44,1.52,1.94,1.9,29.08198925,6.5098004,29.65718005,0.33,2.32,2.44,2021,22.79,2013,8,6.708642070999993,144,7.59528,144,21561.9,0.053827557
payc,2021-12-31,415.19,22.9,0.07,0.06,0.06,0.19,0.39,0.73,0.97,1.26,1.44,1.52,1.94,1.9,18.13056769,6.497656279,25.60103606,0.33,2.32,2.44,2021,29.12,2014,7,5.872928153249993,144,7.59528,144,21561.9,0.053827557
pcty,2021-12-31,236.16,18.22,0.07,0.06,0.06,0.19,0.39,0.73,0.97,1.26,1.44,1.52,1.94,1.9,12.96158068,7.242750281,24.32189716,0.33,2.32,2.44,2021,23.2,2014,7,5.612808066999994,144,7.59528,144,21561.9,0.053827557
pypl,2021-12-31,188.58,8.82,0.07,0.06,0.06,0.19,0.39,0.73,0.97,1.26,1.44,1.52,1.94,1.9,21.38095238,3.367426676,18.22516368,0.33,2.32,2.44,2021,12.58,2016,5,4.282961208249994,144,7.59528,144,21561.9,0.053827557
qlys,2021-12-31,137.22,13.39,0.07,0.06,0.06,0.19,0.39,0.73,0.97,1.26,1.44,1.52,1.94,1.9,10.24794623,4.23825259,15.20215256,0.33,2.32,2.44,2021,11.32,2012,9,3.602063485249994,144,7.59528,144,21561.9,0.053827557
qtwo,2021-12-31,79.44,8.97,0.07,0.06,0.06,0.19,0.39,0.73,0.97,1.26,1.44,1.52,1.94,1.9,8.856187291,2.773323941,12.9683576,0.33,2.32,2.44,2021,9.3,2014,7,3.096934182749993,144,7.59528,144,21561.9,0.053827557
rng,2021-12-31,187.35,10.74,0.07,0.06,0.06,0.19,0.39,0.73,0.97,1.26,1.44,1.52,1.94,1.9,17.44413408,6.750080267,32.24528909,0.33,2.32,2.44,2021,13.31,2014,7,7.240592848749994,144,7.59528,144,21561.9,0.053827557
sap,2021-12-31,135.56,4.86,0.07,0.06,0.06,0.19,0.39,0.73,0.97,1.26,1.44,1.52,1.94,1.9,27.89300412,0.555720921,5.655318618,0.33,2.32,2.44,2021,4.71,2010,11,1.3860251097499938,144,7.59528,144,21561.9,0.053827557
shop,2021-12-31,137.74,38.02,0.07,0.06,0.06,0.19,0.39,0.73,0.97,1.26,1.44,1.52,1.94,1.9,3.622830089,8.754377224,51.53799005,0.33,2.32,2.44,2021,40.7,2016,5,10.988203153249994,144,7.59528,144,21561.9,0.053827557
spt,2021-12-31,90.69,25.93,0.07,0.06,0.06,0.19,0.39,0.73,0.97,1.26,1.44,1.52,1.94,1.9,3.497493251,8.151267321,34.24643771,0.33,2.32,2.44,2021,37.71,2020,1,7.645652505749995,144,7.59528,144,21561.9,0.053827557
sq,2021-12-31,161.51,4.64,0.07,0.06,0.06,0.19,0.39,0.73,0.97,1.26,1.44,1.52,1.94,1.9,34.80818966,4.784493542,71.29007131,0.33,2.32,2.44,2021,7.22,2016,5,15.008600877999994,144,7.59528,144,21561.9,0.053827557
team,2021-12-31,381.29,39.6,0.07,0.06,0.06,0.19,0.39,0.73,0.97,1.26,1.44,1.52,1.94,1.9,9.628535354,7.964952396,31.9101521,0.33,2.32,2.44,2021,43.89,2015,6,7.171308910749996,144,7.59528,144,21561.9,0.053827557
tenb,2021-12-31,55.07,10.78,0.07,0.06,0.06,0.19,0.39,0.73,0.97,1.26,1.44,1.52,1.94,1.9,5.108534323,4.739346974,16.61847392,0.33,2.32,2.44,2021,9.46,2019,2,3.919828636499997,144,7.59528,144,21561.9,0.053827557
ttd,2021-12-31,91.64,38.15,0.07,0.06,0.06,0.19,0.39,0.73,0.97,1.26,1.44,1.52,1.94,1.9,2.402096986,6.232141226,40.37722833,0.33,2.32,2.44,2021,31.09,2017,4,8.910400150499996,144,7.59528,144,21561.9,0.053827557
twlo,2021-12-31,263.34,16.06,0.07,0.06,0.06,0.19,0.39,0.73,0.97,1.26,1.44,1.52,1.94,1.9,16.39726027,7.156519891,34.13297991,0.33,2.32,2.44,2021,20.85,2017,4,7.618335924499998,144,7.59528,144,21561.9,0.053827557
twou,2021-12-31,20.07,1.58,0.07,0.06,0.06,0.19,0.39,0.73,0.97,1.26,1.44,1.52,1.94,1.9,12.70253165,0.273186955,8.262016774,0.33,2.32,2.44,2021,2.65,2014,7,2.0116729907499966,144,7.59528,144,21561.9,0.053827557
wix,2021-12-31,157.79,7.4,0.07,0.06,0.06,0.19,0.39,0.73,0.97,1.26,1.44,1.52,1.94,1.9,21.32297297,3.475773319,17.29511857,0.33,2.32,2.44,2021,9.51,2014,7,4.078444626249997,144,7.59528,144,21561.9,0.053827557
wk,2021-12-31,130.49,15.01,0.07,0.06,0.06,0.19,0.39,0.73,0.97,1.26,1.44,1.52,1.94,1.9,8.693537642,5.153814407,19.27283143,0.33,2.32,2.44,2021,17.05,2015,6,4.506106874999997,144,7.59528,144,21561.9,0.053827557
akam,2022-03-31,119.39,5.61,0.33,0.17,0.52,1.06,1.63,2.28,2.45,2.42,2.4,2.32,2.59,2.44,21.28163993,2.00786056,7.556865194,1.58,2.98,3.14,2022,5.61,2010,12,1.8380779535,147,8.22777,147,21678.0,-0.090793033
appf,2022-03-31,113.21,10.33,0.33,0.17,0.52,1.06,1.63,2.28,2.45,2.42,2.4,2.32,2.59,2.44,10.95934172,8.000121227,23.53575212,1.58,2.98,3.14,2022,11.93,2016,6,5.447424896499999,147,8.22777,147,21678.0,-0.090793033
appn,2022-03-31,60.82,11.0,0.33,0.17,0.52,1.06,1.63,2.28,2.45,2.42,2.4,2.32,2.59,2.44,5.529090909,6.24062121,22.30956272,1.58,2.98,3.14,2022,12.53,2018,4,5.1680719085,147,8.22777,147,21678.0,-0.090793033
ayx,2022-03-31,71.53,8.38,0.33,0.17,0.52,1.06,1.63,2.28,2.45,2.42,2.4,2.32,2.59,2.44,8.535799523,6.944397325,13.48826993,1.58,2.98,3.14,2022,7.58,2017,5,3.24879282475,147,8.22777,147,21678.0,-0.090793033
bill,2022-03-31,226.79,42.73,0.33,0.17,0.52,1.06,1.63,2.28,2.45,2.42,2.4,2.32,2.59,2.44,5.307512286,19.99685615,81.95100539,1.58,2.98,3.14,2022,56.33,2020,2,16.5890251985,147,8.22777,147,21678.0,-0.090793033
bl,2022-03-31,73.22,9.59,0.33,0.17,0.52,1.06,1.63,2.28,2.45,2.42,2.4,2.32,2.59,2.44,7.635036496,4.489537525,18.46984674,1.58,2.98,3.14,2022,14.17,2017,5,4.32832891,147,8.22777,147,21678.0,-0.090793033
cdns,2022-03-31,164.46,14.5,0.33,0.17,0.52,1.06,1.63,2.28,2.45,2.42,2.4,2.32,2.59,2.44,11.34206897,5.903944191,13.26337941,1.58,2.98,3.14,2022,17.4,2010,12,3.180391482249993,147,8.22777,147,21678.0,-0.090793033
cflt,2022-03-31,115.65,5.3,0.33,0.17,0.52,1.06,1.63,2.28,2.45,2.42,2.4,2.32,2.59,2.44,21.82075472,2.056981973,13.30905822,1.58,2.98,3.14,2022,8.82,2016,6,3.1759824417499933,147,8.22777,147,21678.0,-0.090793033
dbx,2022-03-31,23.25,4.11,0.33,0.17,0.52,1.06,1.63,2.28,2.45,2.42,2.4,2.32,2.59,2.44,5.656934307,4.655589861,19.03751485,1.58,2.98,3.14,2022,4.54,2018,4,4.453441139249993,147,8.22777,147,21678.0,-0.090793033
ddog,2022-03-31,151.47,40.55,0.33,0.17,0.52,1.06,1.63,2.28,2.45,2.42,2.4,2.32,2.59,2.44,3.735388409,12.0343882,71.79918134,1.58,2.98,3.14,2022,53.42,2020,2,14.497409819999993,147,8.22777,147,21678.0,-0.090793033
dt,2022-03-31,47.1,14.74,0.33,0.17,0.52,1.06,1.63,2.28,2.45,2.42,2.4,2.32,2.59,2.44,3.195386703,6.001063448,29.895384,1.58,2.98,3.14,2022,20.02,2020,2,6.758691052499992,147,8.22777,147,21678.0,-0.090793033
evbg,2022-03-31,43.64,5.31,0.33,0.17,0.52,1.06,1.63,2.28,2.45,2.42,2.4,2.32,2.59,2.44,8.218455744,-15.8990642,-9.120888787,1.58,2.98,3.14,2022,6.89,2017,5,-1.989766084750008,147,8.22777,147,21678.0,-0.090793033
fivn,2022-03-31,110.4,11.46,0.33,0.17,0.52,1.06,1.63,2.28,2.45,2.42,2.4,2.32,2.59,2.44,9.633507853,6.423182447,31.07190689,1.58,2.98,3.14,2022,15.17,2015,7,6.999302645499991,147,8.22777,147,21678.0,-0.090793033
fsly,2022-03-31,17.38,5.47,0.33,0.17,0.52,1.06,1.63,2.28,2.45,2.42,2.4,2.32,2.59,2.44,3.177330896,3.610564613,7.485212824,1.58,2.98,3.14,2022,11.56,2020,2,1.831521042249992,147,8.22777,147,21678.0,-0.090793033
ftnt,2022-03-31,68.35,15.86,0.33,0.17,0.52,1.06,1.63,2.28,2.45,2.42,2.4,2.32,2.59,2.44,4.309583859,7.739596469,31.46100437,1.58,2.98,3.14,2022,17.97,2010,12,7.078720488749992,147,8.22777,147,21678.0,-0.090793033
hubs,2022-03-31,474.94,15.81,0.33,0.17,0.52,1.06,1.63,2.28,2.45,2.42,2.4,2.32,2.59,2.44,30.04048071,8.10289045,40.93979523,1.58,2.98,3.14,2022,23.72,2015,7,8.959298894749992,147,8.22777,147,21678.0,-0.090793033
lspd,2022-03-31,135.6,4.23,0.33,0.17,0.52,1.06,1.63,2.28,2.45,2.42,2.4,2.32,2.59,2.44,32.05673759,-7.904611224,17.75080004,1.58,2.98,3.14,2022,4.64,2016,6,4.540052041999992,147,8.22777,147,21678.0,-0.090793033
mntv,2022-03-31,16.26,5.24,0.33,0.17,0.52,1.06,1.63,2.28,2.45,2.42,2.4,2.32,2.59,2.44,3.103053435,2.408099183,12.46874896,1.58,2.98,3.14,2022,6.98,2019,3,2.982238337499993,147,8.22777,147,21678.0,-0.090793033
msft,2022-03-31,306.05,12.26,0.33,0.17,0.52,1.06,1.63,2.28,2.45,2.42,2.4,2.32,2.59,2.44,24.96329527,3.7764556,19.14422209,1.58,2.98,3.14,2022,13.85,2010,12,5.150161528999993,147,8.22777,147,21678.0,-0.090793033
net,2022-03-31,119.7,51.63,0.33,0.17,0.52,1.06,1.63,2.28,2.45,2.42,2.4,2.32,2.59,2.44,2.318419524,9.697386125,46.47686116,1.58,2.98,3.14,2022,62.22,2020,2,10.013000108249994,147,8.22777,147,21678.0,-0.090793033
newr,2022-03-31,66.88,5.48,0.33,0.17,0.52,1.06,1.63,2.28,2.45,2.42,2.4,2.32,2.59,2.44,12.20437956,2.998037774,10.96695145,1.58,2.98,3.14,2022,9.28,2015,7,2.638936132999993,147,8.22777,147,21678.0,-0.090793033
now,2022-03-31,556.89,18.05,0.33,0.17,0.52,1.06,1.63,2.28,2.45,2.42,2.4,2.32,2.59,2.44,30.85263158,6.088449853,28.99732585,1.58,2.98,3.14,2022,22.32,2013,9,6.572974706999993,147,8.22777,147,21678.0,-0.090793033
payc,2022-03-31,346.38,17.73,0.33,0.17,0.52,1.06,1.63,2.28,2.45,2.42,2.4,2.32,2.59,2.44,19.53637902,7.753818619,30.71413946,1.58,2.98,3.14,2022,22.9,2014,8,6.926671112499993,147,8.22777,147,21678.0,-0.090793033
pcty,2022-03-31,205.77,14.67,0.33,0.17,0.52,1.06,1.63,2.28,2.45,2.42,2.4,2.32,2.59,2.44,14.02658487,8.216622746,31.58454469,1.58,2.98,3.14,2022,18.22,2014,8,7.106029001999995,147,8.22777,147,21678.0,-0.090793033
pypl,2022-03-31,115.65,5.3,0.33,0.17,0.52,1.06,1.63,2.28,2.45,2.42,2.4,2.32,2.59,2.44,21.82075472,2.056981973,13.30905822,1.58,2.98,3.14,2022,8.82,2016,6,3.1759824417499942,147,8.22777,147,21678.0,-0.090793033
qlys,2022-03-31,142.41,13.33,0.33,0.17,0.52,1.06,1.63,2.28,2.45,2.42,2.4,2.32,2.59,2.44,10.68342086,4.249384384,16.43888735,1.58,2.98,3.14,2022,13.39,2012,10,3.8788800262499934,147,8.22777,147,21678.0,-0.090793033
qtwo,2022-03-31,61.65,6.76,0.33,0.17,0.52,1.06,1.63,2.28,2.45,2.42,2.4,2.32,2.59,2.44,9.119822485,2.976847548,13.67922439,1.58,2.98,3.14,2022,8.97,2014,8,3.257919668749994,147,8.22777,147,21678.0,-0.090793033
rng,2022-03-31,117.21,6.33,0.33,0.17,0.52,1.06,1.63,2.28,2.45,2.42,2.4,2.32,2.59,2.44,18.51658768,6.147932564,32.09261721,1.58,2.98,3.14,2022,10.74,2014,8,7.209921557999994,147,8.22777,147,21678.0,-0.090793033
sap,2022-03-31,107.35,3.81,0.33,0.17,0.52,1.06,1.63,2.28,2.45,2.42,2.4,2.32,2.59,2.44,28.17585302,1.014049623,4.890852058,1.58,2.98,3.14,2022,4.86,2010,12,1.201972207249994,147,8.22777,147,21678.0,-0.090793033
shop,2022-03-31,67.6,17.8,0.33,0.17,0.52,1.06,1.63,2.28,2.45,2.42,2.4,2.32,2.59,2.44,3.797752809,4.828344561,37.151561,1.58,2.98,3.14,2022,38.02,2016,6,8.239226893499994,147,8.22777,147,21678.0,-0.090793033
spt,2022-03-31,80.12,21.13,0.33,0.17,0.52,1.06,1.63,2.28,2.45,2.42,2.4,2.32,2.59,2.44,3.791765263,8.41379784,37.33332634,1.58,2.98,3.14,2022,25.93,2020,2,8.254866103999996,147,8.22777,147,21678.0,-0.090793033
sq,2022-03-31,135.6,4.23,0.33,0.17,0.52,1.06,1.63,2.28,2.45,2.42,2.4,2.32,2.59,2.44,32.05673759,-7.904611224,17.75080004,1.58,2.98,3.14,2022,4.64,2016,6,4.540052041999996,147,8.22777,147,21678.0,-0.090793033
team,2022-03-31,293.83,28.48,0.33,0.17,0.52,1.06,1.63,2.28,2.45,2.42,2.4,2.32,2.59,2.44,10.31706461,7.150924081,31.38641775,1.58,2.98,3.14,2022,39.6,2015,7,7.064527286749996,147,8.22777,147,21678.0,-0.090793033
tenb,2022-03-31,57.79,10.73,0.33,0.17,0.52,1.06,1.63,2.28,2.45,2.42,2.4,2.32,2.59,2.44,5.38583411,5.428167252,19.05684686,1.58,2.98,3.14,2022,10.78,2019,3,4.459640493499997,147,8.22777,147,21678.0,-0.090793033
ttd,2022-03-31,69.25,26.52,0.33,0.17,0.52,1.06,1.63,2.28,2.45,2.42,2.4,2.32,2.59,2.44,2.611236802,8.706551737,43.48379606,1.58,2.98,3.14,2022,38.15,2017,5,9.498801549999996,147,8.22777,147,21678.0,-0.090793033
twlo,2022-03-31,164.81,9.31,0.33,0.17,0.52,1.06,1.63,2.28,2.45,2.42,2.4,2.32,2.59,2.44,17.70247046,7.959928464,34.81016213,1.58,2.98,3.14,2022,16.06,2017,5,7.753912767249997,147,8.22777,147,21678.0,-0.090793033
twou,2022-03-31,13.28,1.03,0.33,0.17,0.52,1.06,1.63,2.28,2.45,2.42,2.4,2.32,2.59,2.44,12.89320388,1.50105698,6.234873746,1.58,2.98,3.14,2022,1.58,2014,8,1.5274695629999964,147,8.22777,147,21678.0,-0.090793033
wix,2022-03-31,104.46,4.76,0.33,0.17,0.52,1.06,1.63,2.28,2.45,2.42,2.4,2.32,2.59,2.44,21.94537815,2.918941834,13.33441478,1.58,2.98,3.14,2022,7.4,2014,8,3.179266199249996,147,8.22777,147,21678.0,-0.090793033
wk,2022-03-31,118.0,12.99,0.33,0.17,0.52,1.06,1.63,2.28,2.45,2.42,2.4,2.32,2.59,2.44,9.083910701,4.49038211,20.21309425,1.58,2.98,3.14,2022,15.01,2015,7,4.7104282549999965,147,8.22777,147,21678.0,-0.090793033
akam,2022-06-30,91.33,4.2,1.58,1.28,1.72,2.51,2.8,2.92,2.99,3.01,3.04,2.98,3.38,3.14,21.7452381,2.178394936,8.166707506,3.08,3.83,3.79,2022,5.61,2010,12,1.982098027,150,8.41318,150,21703.2,0.167998966
appf,2022-06-30,90.64,7.66,1.58,1.28,1.72,2.51,2.8,2.92,2.99,3.01,3.04,2.98,3.38,3.14,11.83289817,7.970884304,30.14511942,3.08,3.83,3.79,2022,10.33,2016,6,6.81823932925,150,8.41318,150,21703.2,0.167998966
appn,2022-06-30,47.36,8.05,1.58,1.28,1.72,2.51,2.8,2.92,2.99,3.01,3.04,2.98,3.38,3.14,5.883229814,6.405011428,24.79707815,3.08,3.83,3.79,2022,11.0,2018,4,5.698300885,150,8.41318,150,21703.2,0.167998966
ayx,2022-06-30,48.42,5.15,1.58,1.28,1.72,2.51,2.8,2.92,2.99,3.01,3.04,2.98,3.38,3.14,9.401941748,10.1471716,19.79223617,3.08,3.83,3.79,2022,8.38,2017,5,4.6978935205,150,8.41318,150,21703.2,0.167998966
bigc,2022-06-30,16.2,4.51,1.58,1.28,1.72,2.51,2.8,2.92,2.99,3.01,3.04,2.98,3.38,3.14,3.592017738,7.219516243,9.829870774,3.08,3.83,3.79,2022,6.54,2021,1,2.52176892,150,8.41318,150,21703.2,0.167998966
bill,2022-06-30,109.94,17.37,1.58,1.28,1.72,2.51,2.8,2.92,2.99,3.01,3.04,2.98,3.38,3.14,6.329303397,19.25178982,117.7144923,3.08,3.83,3.79,2022,42.73,2020,2,21.4863333425,150,8.41318,150,21703.2,0.167998966
bl,2022-06-30,66.6,8.28,1.58,1.28,1.72,2.51,2.8,2.92,2.99,3.01,3.04,2.98,3.38,3.14,8.043478261,5.349571868,19.56424053,3.08,3.83,3.79,2022,9.59,2017,5,4.56939997825,150,8.41318,150,21703.2,0.167998966
cdns,2022-06-30,150.03,12.67,1.58,1.28,1.72,2.51,2.8,2.92,2.99,3.01,3.04,2.98,3.38,3.14,11.84135754,4.402094305,14.50165197,3.08,3.83,3.79,2022,14.5,2010,12,3.462654328499993,150,8.41318,150,21703.2,0.167998966
cflt,2022-06-30,69.84,3.11,1.58,1.28,1.72,2.51,2.8,2.92,2.99,3.01,3.04,2.98,3.38,3.14,22.45659164,2.913908942,11.86692418,3.08,3.83,3.79,2022,5.3,2016,6,2.8443034134999934,150,8.41318,150,21703.2,0.167998966
dbx,2022-06-30,20.99,3.57,1.58,1.28,1.72,2.51,2.8,2.92,2.99,3.01,3.04,2.98,3.38,3.14,5.879551821,3.935303154,18.13418208,3.08,3.83,3.79,2022,4.11,2018,4,4.2547514712499925,150,8.41318,150,21703.2,0.167998966
ddog,2022-06-30,95.24,22.32,1.58,1.28,1.72,2.51,2.8,2.92,2.99,3.01,3.04,2.98,3.38,3.14,4.26702509,14.23243374,70.05784081,3.08,3.83,3.79,2022,40.55,2020,2,14.204983482499992,150,8.41318,150,21703.2,0.167998966
dt,2022-06-30,39.44,11.63,1.58,1.28,1.72,2.51,2.8,2.92,2.99,3.01,3.04,2.98,3.38,3.14,3.391229579,6.128925668,28.52075124,3.08,3.83,3.79,2022,14.74,2020,2,6.474907505249992,150,8.41318,150,21703.2,0.167998966
evbg,2022-06-30,27.89,2.76,1.58,1.28,1.72,2.51,2.8,2.92,2.99,3.01,3.04,2.98,3.38,3.14,10.10507246,22.95585422,9.011216761,3.08,3.83,3.79,2022,5.31,2017,5,3.123121818999992,150,8.41318,150,21703.2,0.167998966
fivn,2022-06-30,91.14,8.92,1.58,1.28,1.72,2.51,2.8,2.92,2.99,3.01,3.04,2.98,3.38,3.14,10.21748879,6.061976019,29.20200939,3.08,3.83,3.79,2022,11.46,2015,7,6.615552762999992,150,8.41318,150,21703.2,0.167998966
fsly,2022-06-30,11.61,3.53,1.58,1.28,1.72,2.51,2.8,2.92,2.99,3.01,3.04,2.98,3.38,3.14,3.288951841,3.513041267,11.63673784,3.08,3.83,3.79,2022,5.47,2020,2,2.793876688499992,150,8.41318,150,21703.2,0.167998966
ftnt,2022-06-30,56.58,12.24,1.58,1.28,1.72,2.51,2.8,2.92,2.99,3.01,3.04,2.98,3.38,3.14,4.62254902,7.262073813,32.44709093,3.08,3.83,3.79,2022,15.86,2010,12,7.278365661249992,150,8.41318,150,21703.2,0.167998966
hubs,2022-06-30,300.65,9.33,1.58,1.28,1.72,2.51,2.8,2.92,2.99,3.01,3.04,2.98,3.38,3.14,32.22400857,7.26861826,38.02705485,3.08,3.83,3.79,2022,15.81,2015,7,8.39338513999999,150,8.41318,150,21703.2,0.167998966
jamf,2022-06-30,24.77,6.97,1.58,1.28,1.72,2.51,2.8,2.92,2.99,3.01,3.04,2.98,3.38,3.14,3.553802009,6.991798478,29.68148527,3.08,3.83,3.79,2022,10.48,2021,1,6.714109243999994,150,8.41318,150,21703.2,0.167998966
lspd,2022-06-30,61.46,2.01,1.58,1.28,1.72,2.51,2.8,2.92,2.99,3.01,3.04,2.98,3.38,3.14,30.57711443,-4.615638621,-3.929164677,3.08,3.83,3.79,2022,4.23,2016,6,-0.8412106007500073,150,8.41318,150,21703.2,0.167998966
mntv,2022-06-30,8.8,2.78,1.58,1.28,1.72,2.51,2.8,2.92,2.99,3.01,3.04,2.98,3.38,3.14,3.165467626,2.011379826,10.87399658,3.08,3.83,3.79,2022,5.24,2019,3,2.6154190297499933,150,8.41318,150,21703.2,0.167998966
msft,2022-06-30,255.57,9.7,1.58,1.28,1.72,2.51,2.8,2.92,2.99,3.01,3.04,2.98,3.38,3.14,26.34742268,5.544650241,19.34441319,3.08,3.83,3.79,2022,12.26,2010,12,5.194422292749993,150,8.41318,150,21703.2,0.167998966
net,2022-06-30,43.75,17.19,1.58,1.28,1.72,2.51,2.8,2.92,2.99,3.01,3.04,2.98,3.38,3.14,2.545084351,9.776695957,45.91432203,3.08,3.83,3.79,2022,51.63,2020,2,9.907195404999992,150,8.41318,150,21703.2,0.167998966
newr,2022-06-30,50.05,3.97,1.58,1.28,1.72,2.51,2.8,2.92,2.99,3.01,3.04,2.98,3.38,3.14,12.6070529,3.299416678,13.13780485,3.08,3.83,3.79,2022,5.48,2015,7,3.134455491749993,150,8.41318,150,21703.2,0.167998966
now,2022-06-30,475.52,14.63,1.58,1.28,1.72,2.51,2.8,2.92,2.99,3.01,3.04,2.98,3.38,3.14,32.50307587,5.349444142,27.10237476,3.08,3.83,3.79,2022,18.05,2013,9,6.180314764999992,150,8.41318,150,21703.2,0.167998966
payc,2022-06-30,280.12,13.45,1.58,1.28,1.72,2.51,2.8,2.92,2.99,3.01,3.04,2.98,3.38,3.14,20.8267658,6.605045794,30.18519244,3.08,3.83,3.79,2022,17.73,2014,8,6.818386097999993,150,8.41318,150,21703.2,0.167998966
pcty,2022-06-30,174.42,11.55,1.58,1.28,1.72,2.51,2.8,2.92,2.99,3.01,3.04,2.98,3.38,3.14,15.1012987,7.661977911,33.75888263,3.08,3.83,3.79,2022,14.67,2014,8,7.543557932499995,150,8.41318,150,21703.2,0.167998966
pltr,2022-06-30,9.07,10.38,1.58,1.28,1.72,2.51,2.8,2.92,2.99,3.01,3.04,2.98,3.38,3.14,0.873795761,3.735403537,-1.581956956,3.08,3.83,3.79,2022,16.3,2021,1,-0.0741896632500062,150,8.41318,150,21703.2,0.167998966
pypl,2022-06-30,69.84,3.11,1.58,1.28,1.72,2.51,2.8,2.92,2.99,3.01,3.04,2.98,3.38,3.14,22.45659164,2.913908942,11.86692418,3.08,3.83,3.79,2022,5.3,2016,6,2.8443034134999943,150,8.41318,150,21703.2,0.167998966
qlys,2022-06-30,126.14,11.24,1.58,1.28,1.72,2.51,2.8,2.92,2.99,3.01,3.04,2.98,3.38,3.14,11.22241993,5.045191806,18.25392337,3.08,3.83,3.79,2022,13.33,2012,10,4.281955039749994,150,8.41318,150,21703.2,0.167998966
qtwo,2022-06-30,38.57,4.11,1.58,1.28,1.72,2.51,2.8,2.92,2.99,3.01,3.04,2.98,3.38,3.14,9.384428224,2.901435188,12.89125003,3.08,3.83,3.79,2022,6.76,2014,8,3.078358160499994,150,8.41318,150,21703.2,0.167998966
rng,2022-06-30,52.26,2.68,1.58,1.28,1.72,2.51,2.8,2.92,2.99,3.01,3.04,2.98,3.38,3.14,19.5,5.310980292,28.10757795,3.08,3.83,3.79,2022,6.33,2014,8,6.390945041999994,150,8.41318,150,21703.2,0.167998966
sap,2022-06-30,90.72,3.22,1.58,1.28,1.72,2.51,2.8,2.92,2.99,3.01,3.04,2.98,3.38,3.14,28.17391304,-0.006885239,3.034840196,3.08,3.83,3.79,2022,3.81,2010,12,0.7516672259999939,150,8.41318,150,21703.2,0.167998966
shop,2022-06-30,31.24,7.92,1.58,1.28,1.72,2.51,2.8,2.92,2.99,3.01,3.04,2.98,3.38,3.14,3.944444444,3.862590401,28.70066165,3.08,3.83,3.79,2022,17.8,2016,6,6.534238963749994,150,8.41318,150,21703.2,0.167998966
spt,2022-06-30,58.07,14.21,1.58,1.28,1.72,2.51,2.8,2.92,2.99,3.01,3.04,2.98,3.38,3.14,4.086558761,7.774571429,37.51347923,3.08,3.83,3.79,2022,21.13,2020,2,8.290164281499994,150,8.41318,150,21703.2,0.167998966
sq,2022-06-30,61.46,2.01,1.58,1.28,1.72,2.51,2.8,2.92,2.99,3.01,3.04,2.98,3.38,3.14,30.57711443,-4.615638621,-3.929164677,3.08,3.83,3.79,2022,4.23,2016,6,-0.8412106007500038,150,8.41318,150,21703.2,0.167998966
team,2022-06-30,187.4,16.92,1.58,1.28,1.72,2.51,2.8,2.92,2.99,3.01,3.04,2.98,3.38,3.14,11.07565012,7.352726191,32.89400321,3.08,3.83,3.79,2022,28.48,2015,7,7.368986866249997,150,8.41318,150,21703.2,0.167998966
tenb,2022-06-30,45.41,8.06,1.58,1.28,1.72,2.51,2.8,2.92,2.99,3.01,3.04,2.98,3.38,3.14,5.633995037,4.607660061,20.30997867,3.08,3.83,3.79,2022,10.73,2019,3,4.732035159249996,150,8.41318,150,21703.2,0.167998966
ttd,2022-06-30,41.89,14.84,1.58,1.28,1.72,2.51,2.8,2.92,2.99,3.01,3.04,2.98,3.38,3.14,2.82277628,8.101121955,34.60731254,3.08,3.83,3.79,2022,26.52,2017,5,7.716658718749996,150,8.41318,150,21703.2,0.167998966
twlo,2022-06-30,83.81,4.4,1.58,1.28,1.72,2.51,2.8,2.92,2.99,3.01,3.04,2.98,3.38,3.14,19.04772727,7.599260305,34.53641345,3.08,3.83,3.79,2022,9.31,2017,5,7.699178226249998,150,8.41318,150,21703.2,0.167998966
twou,2022-06-30,10.47,0.82,1.58,1.28,1.72,2.51,2.8,2.92,2.99,3.01,3.04,2.98,3.38,3.14,12.76829268,-0.968814282,2.342446751,3.08,3.83,3.79,2022,1.03,2014,8,0.5858474087499965,150,8.41318,150,21703.2,0.167998966
u,2022-06-30,36.82,8.73,1.58,1.28,1.72,2.51,2.8,2.92,2.99,3.01,3.04,2.98,3.38,3.14,4.217640321,0.626495708,-5.609032975,3.08,3.83,3.79,2022,23.67,2021,1,-1.3009454602500037,150,8.41318,150,21703.2,0.167998966
wix,2022-06-30,65.55,2.85,1.58,1.28,1.72,2.51,2.8,2.92,2.99,3.01,3.04,2.98,3.38,3.14,23.0,4.805667241,15.52294337,3.08,3.83,3.79,2022,4.76,2014,8,3.6756398897499967,150,8.41318,150,21703.2,0.167998966
wk,2022-06-30,65.99,6.94,1.58,1.28,1.72,2.51,2.8,2.92,2.99,3.01,3.04,2.98,3.38,3.14,9.508645533,4.675682606,20.59828881,3.08,3.83,3.79,2022,12.99,2015,7,4.794012573999996,150,8.41318,150,21703.2,0.167998966
akam,2022-09-30,80.32,3.63,3.08,2.79,3.33,3.92,4.05,4.22,4.25,4.06,3.97,3.83,4.08,3.79,22.12672176,1.754331988,7.893948744,,,,2022,4.2,2010,12,1.917788615,153,7.76249,153,21431.3,-0.426518485
appf,2022-09-30,104.72,8.29,3.08,2.79,3.33,3.92,4.05,4.22,4.25,4.06,3.97,3.83,4.08,3.79,12.63208685,6.75395552,32.9306814,4.33,3.39,3.57,2022,7.66,2016,6,7.377496525,153,7.76249,153,21431.3,-0.426518485
appn,2022-09-30,40.83,6.58,3.08,2.79,3.33,3.92,4.05,4.22,4.25,4.06,3.97,3.83,4.08,3.79,6.205167173,5.472119393,26.43757563,4.33,3.37,3.54,2022,8.05,2018,4,6.040419802000001,153,7.76249,153,21431.3,-0.426518485
ayx,2022-09-30,55.84,5.22,3.08,2.79,3.33,3.92,4.05,4.22,4.25,4.06,3.97,3.83,4.08,3.79,10.69731801,13.77775246,36.67982242,4.33,3.37,3.54,2022,5.15,2017,5,8.21236913,153,7.76249,153,21431.3,-0.426518485
bigc,2022-09-30,14.8,3.95,3.08,2.79,3.33,3.92,4.05,4.22,4.25,4.06,3.97,3.83,4.08,3.79,3.746835443,4.310048445,13.64808927,,,,2022,4.51,2021,1,3.39789134,153,7.76249,153,21431.3,-0.426518485
bill,2022-09-30,132.37,18.17,3.08,2.79,3.33,3.92,4.05,4.22,4.25,4.06,3.97,3.83,4.08,3.79,7.285085305,15.10090209,104.3207855,4.33,3.39,3.57,2022,17.37,2020,2,19.6000498,153,7.76249,153,21431.3,-0.426518485
bl,2022-09-30,59.9,7.11,3.08,2.79,3.33,3.92,4.05,4.22,4.25,4.06,3.97,3.83,4.08,3.79,8.424753868,4.740183221,20.09876977,4.33,3.39,3.57,2022,8.28,2017,5,4.68594299375,153,7.76249,153,21431.3,-0.426518485
cdns,2022-09-30,163.43,13.15,3.08,2.79,3.33,3.92,4.05,4.22,4.25,4.06,3.97,3.83,4.08,3.79,12.42813688,4.955338463,16.61636628,,,,2022,12.67,2010,12,3.9384678089999934,153,7.76249,153,21431.3,-0.426518485
cflt,2022-09-30,86.07,3.72,3.08,2.79,3.33,3.92,4.05,4.22,4.25,4.06,3.97,3.83,4.08,3.79,23.13709677,3.030313528,11.85760633,,,,2022,3.11,2016,6,2.8421577797499933,153,7.76249,153,21431.3,-0.426518485
dbx,2022-09-30,20.72,3.37,3.08,2.79,3.33,3.92,4.05,4.22,4.25,4.06,3.97,3.83,4.08,3.79,6.148367953,4.572051408,18.25403112,4.33,3.37,3.54,2022,3.57,2018,4,4.281247100749993,153,7.76249,153,21431.3,-0.426518485
ddog,2022-09-30,88.78,18.58,3.08,2.79,3.33,3.92,4.05,4.22,4.25,4.06,3.97,3.83,4.08,3.79,4.778256189,11.98097244,66.48681806,4.33,3.39,3.57,2022,22.32,2020,2,13.604505612499992,153,7.76249,153,21431.3,-0.426518485
dt,2022-09-30,34.81,9.73,3.08,2.79,3.33,3.92,4.05,4.22,4.25,4.06,3.97,3.83,4.08,3.79,3.577595067,5.49551376,26.52900687,4.33,3.39,3.57,2022,11.63,2020,2,6.059745598499991,153,7.76249,153,21431.3,-0.426518485
evbg,2022-09-30,30.88,2.9,3.08,2.79,3.33,3.92,4.05,4.22,4.25,4.06,3.97,3.83,4.08,3.79,10.64827586,5.375551737,15.1965225,,,,2022,2.76,2017,5,4.537617653999992,153,7.76249,153,21431.3,-0.426518485
fivn,2022-09-30,74.98,6.97,3.08,2.79,3.33,3.92,4.05,4.22,4.25,4.06,3.97,3.83,4.08,3.79,10.75753228,5.28548162,26.94346031,4.33,3.39,3.57,2022,8.92,2015,7,6.147248946749992,153,7.76249,153,21431.3,-0.426518485
fsly,2022-09-30,9.16,2.67,3.08,2.79,3.33,3.92,4.05,4.22,4.25,4.06,3.97,3.83,4.08,3.79,3.43071161,4.31018075,13.50870759,4.33,3.37,3.54,2022,3.53,2020,2,3.223943921249992,153,7.76249,153,21431.3,-0.426518485
ftnt,2022-09-30,49.13,9.77,3.08,2.79,3.33,3.92,4.05,4.22,4.25,4.06,3.97,3.83,4.08,3.79,5.028659161,8.785415565,34.47638433,,,,2022,12.24,2010,12,7.688767695249991,153,7.76249,153,21431.3,-0.426518485
hubs,2022-09-30,270.12,7.89,3.08,2.79,3.33,3.92,4.05,4.22,4.25,4.06,3.97,3.83,4.08,3.79,34.23574144,6.242962807,34.03837892,4.33,3.39,3.57,2022,9.33,2015,7,7.602998177999991,153,7.76249,153,21431.3,-0.426518485
jamf,2022-09-30,22.16,5.87,3.08,2.79,3.33,3.92,4.05,4.22,4.25,4.06,3.97,3.83,4.08,3.79,3.775127768,6.227858479,29.16974036,,,,2022,6.97,2021,1,6.608895813499993,153,7.76249,153,21431.3,-0.426518485
lspd,2022-09-30,54.99,1.79,3.08,2.79,3.33,3.92,4.05,4.22,4.25,4.06,3.97,3.83,4.08,3.79,30.72067039,0.469488262,-7.520330127,,,,2022,2.01,2016,6,-1.8165670102500076,153,7.76249,153,21431.3,-0.426518485
mntv,2022-09-30,5.81,1.81,3.08,2.79,3.33,3.92,4.05,4.22,4.25,4.06,3.97,3.83,4.08,3.79,3.209944751,1.405072828,8.745067088,,,,2022,2.78,2019,3,2.119110884749993,153,7.76249,153,21431.3,-0.426518485
msft,2022-09-30,232.25,8.61,3.08,2.79,3.33,3.92,4.05,4.22,4.25,4.06,3.97,3.83,4.08,3.79,26.97444832,2.379836704,37.40750685,4.33,3.79,3.88,2022,9.7,2010,12,8.559043013749992,153,7.76249,153,21431.3,-0.426518485
net,2022-09-30,55.31,19.94,3.08,2.79,3.33,3.92,4.05,4.22,4.25,4.06,3.97,3.83,4.08,3.79,2.773821464,8.987407938,44.93309489,,,,2022,17.19,2020,2,9.722728559999991,153,7.76249,153,21431.3,-0.426518485
newr,2022-09-30,57.38,4.43,3.08,2.79,3.33,3.92,4.05,4.22,4.25,4.06,3.97,3.83,4.08,3.79,12.95259594,2.740870867,13.15699669,4.33,3.39,3.57,2022,3.97,2015,7,3.138811797749993,153,7.76249,153,21431.3,-0.426518485
now,2022-09-30,377.61,11.08,3.08,2.79,3.33,3.92,4.05,4.22,4.25,4.06,3.97,3.83,4.08,3.79,34.08032491,4.852614702,24.81569169,4.33,3.39,3.57,2022,14.63,2013,9,5.700077274249993,153,7.76249,153,21431.3,-0.426518485
payc,2022-09-30,329.99,14.87,3.08,2.79,3.33,3.92,4.05,4.22,4.25,4.06,3.97,3.83,4.08,3.79,22.19166106,6.55356322,30.35222797,4.33,3.37,3.54,2022,13.45,2014,8,6.852520977999994,153,7.76249,153,21431.3,-0.426518485
pcty,2022-09-30,241.58,14.77,3.08,2.79,3.33,3.92,4.05,4.22,4.25,4.06,3.97,3.83,4.08,3.79,16.35612729,8.309408406,35.32887055,4.33,3.39,3.57,2022,11.55,2014,8,7.857689835999995,153,7.76249,153,21431.3,-0.426518485
pltr,2022-09-30,8.13,8.98,3.08,2.79,3.33,3.92,4.05,4.22,4.25,4.06,3.97,3.83,4.08,3.79,0.905345212,3.610620686,17.91330522,,,,2022,10.38,2021,1,4.208440295749994,153,7.76249,153,21431.3,-0.426518485
pubm,2022-09-30,16.63,3.67,3.08,2.79,3.33,3.92,4.05,4.22,4.25,4.06,3.97,3.83,4.08,3.79,4.53133515,2.375665123,-2.32264269,,,,2022,3.59,2021,1,-0.2660042052500062,153,7.76249,153,21431.3,-0.426518485
pypl,2022-09-30,86.07,3.72,3.08,2.79,3.33,3.92,4.05,4.22,4.25,4.06,3.97,3.83,4.08,3.79,23.13709677,3.030313528,11.85760633,,,,2022,3.11,2016,6,2.842157779749994,153,7.76249,153,21431.3,-0.426518485
qlys,2022-09-30,139.39,11.82,3.08,2.79,3.33,3.92,4.05,4.22,4.25,4.06,3.97,3.83,4.08,3.79,11.7927242,5.081829686,19.95115276,,,,2022,11.24,2012,10,4.653664616499994,153,7.76249,153,21431.3,-0.426518485
qtwo,2022-09-30,32.2,3.33,3.08,2.79,3.33,3.92,4.05,4.22,4.25,4.06,3.97,3.83,4.08,3.79,9.66966967,3.039518648,12.21353622,4.33,3.39,3.57,2022,4.11,2014,8,2.9227813312499937,153,7.76249,153,21431.3,-0.426518485
rng,2022-09-30,39.96,1.97,3.08,2.79,3.33,3.92,4.05,4.22,4.25,4.06,3.97,3.83,4.08,3.79,20.28426396,4.021866458,24.13036933,4.33,3.39,3.57,2022,2.68,2014,8,5.557714895249994,153,7.76249,153,21431.3,-0.426518485
sap,2022-09-30,81.25,2.9,3.08,2.79,3.33,3.92,4.05,4.22,4.25,4.06,3.97,3.83,4.08,3.79,28.01724138,-0.556087697,1.003602676,,,,2022,3.22,2010,12,0.2516994019999938,153,7.76249,153,21431.3,-0.426518485
shop,2022-09-30,26.94,6.51,3.08,2.79,3.33,3.92,4.05,4.22,4.25,4.06,3.97,3.83,4.08,3.79,4.138248848,4.913351074,24.2268241,4.33,3.39,3.57,2022,7.92,2016,6,5.589665814999994,153,7.76249,153,21431.3,-0.426518485
spt,2022-09-30,60.68,13.89,3.08,2.79,3.33,3.92,4.05,4.22,4.25,4.06,3.97,3.83,4.08,3.79,4.368610511,6.901937943,35.08839883,,,,2022,14.21,2020,2,7.810393633249995,153,7.76249,153,21431.3,-0.426518485
sq,2022-09-30,54.99,1.79,3.08,2.79,3.33,3.92,4.05,4.22,4.25,4.06,3.97,3.83,4.08,3.79,30.72067039,0.469488262,-7.520330127,,,,2022,2.01,2016,6,-1.816567010250004,153,7.76249,153,21431.3,-0.426518485
team,2022-09-30,210.59,17.84,3.08,2.79,3.33,3.92,4.05,4.22,4.25,4.06,3.97,3.83,4.08,3.79,11.8043722,6.579497107,32.36265284,4.33,3.39,3.57,2022,16.92,2015,7,7.262024943749997,153,7.76249,153,21431.3,-0.426518485
tenb,2022-09-30,34.8,5.9,3.08,2.79,3.33,3.92,4.05,4.22,4.25,4.06,3.97,3.83,4.08,3.79,5.898305085,4.691343279,20.93187278,,,,2022,8.06,2019,3,4.8666293914999965,153,7.76249,153,21431.3,-0.426518485
ttd,2022-09-30,59.75,19.86,3.08,2.79,3.33,3.92,4.05,4.22,4.25,4.06,3.97,3.83,4.08,3.79,3.008559919,6.581592753,33.05281351,4.33,3.39,3.57,2022,14.84,2017,5,7.405351917749996,153,7.76249,153,21431.3,-0.426518485
twlo,2022-09-30,69.14,3.42,3.08,2.79,3.33,3.92,4.05,4.22,4.25,4.06,3.97,3.83,4.08,3.79,20.21637427,6.13536187,32.1145286,4.33,3.39,3.57,2022,4.4,2017,5,7.212767632499997,153,7.76249,153,21431.3,-0.426518485
twou,2022-09-30,6.25,0.49,3.08,2.79,3.33,3.92,4.05,4.22,4.25,4.06,3.97,3.83,4.08,3.79,12.75510204,-0.103307799,0.688175181,,,,2022,0.82,2014,8,0.1755304634999965,153,7.76249,153,21431.3,-0.426518485
u,2022-09-30,31.86,7.43,3.08,2.79,3.33,3.92,4.05,4.22,4.25,4.06,3.97,3.83,4.08,3.79,4.288021534,1.668734369,3.795594526,,,,2022,8.73,2021,1,1.0020342074999966,153,7.76249,153,21431.3,-0.426518485
wix,2022-09-30,78.23,3.3,3.08,2.79,3.33,3.92,4.05,4.22,4.25,4.06,3.97,3.83,4.08,3.79,23.70606061,3.069828722,15.04038188,4.33,3.39,3.57,2022,2.85,2014,8,3.567552778999997,153,7.76249,153,21431.3,-0.426518485
wk,2022-09-30,77.8,7.92,3.08,2.79,3.33,3.92,4.05,4.22,4.25,4.06,3.97,3.83,4.08,3.79,9.823232323,3.30842904,18.81818325,,,,2022,6.94,2015,7,4.407077040749996,153,7.76249,153,21431.3,-0.426518485
crm,2023-01-17,148.47,4.87,4.33,4.6,4.71,4.82,4.67,4.18,3.86,3.6,3.57,3.53,3.81,3.64,30.48665298,0.128376222,11.26324368,,,,2023,5.34,2010,13,2.715374865999993,157,5.98644,157,21075.4,-0.643975108
msft,2022-12-31,239.82,8.82,4.33,4.17,4.53,4.77,4.72,4.4,4.18,3.94,3.89,3.79,4.06,3.88,27.19047619,0.800861141,13.03520688,,,,2022,8.61,2010,12,3.125450921499993,156,6.34716,156,21212.0,-0.682189562
